1835 2904
503 252 507 257 -
573 235 596 266 1.
627 235 681 265 nn
703 234 1030 277 onmoonAan.
1234 231 1262 239 ··
1386 232 1430 269 17

272 326 326 362 Ae
355 325 509 362 sonabat
537 327 579 360 ut
602 338 625 370 η
652 324 879 360 Graecorum.
931 324 987 359 Ex
1016 335 1054 359 oe
1082 323 1259 359 interdum
1295 326 1373 359 orta
1398 336 1431 366 u,

172 387 213 420 ut
236 395 400 429 moenera,
423 393 576 427 munera,
594 393 717 428 poena,
736 382 855 427 paucio,
880 381 997 424 Poeni,
1019 381 1193 419 Punicus.
1249 380 1278 416 O
1298 381 1431 416 factum

174 455 217 479 ex
241 453 280 481 oe
303 442 342 477 in
364 453 444 487 non,
469 441 563 488 quod
590 440 787 487 antiquitus
812 440 883 475 fuit
900 451 1055 486 noenum,
1079 440 1199 475 noenu.
1244 439 1433 475 Praeterea

173 491 399 546 (ξπ-λάγυνος
423 499 558 534 factum
583 499 733 544 laqoena,
759 499 891 544 layona.
932 537 939 542 ,

269 558 339 594 Pro
365 569 413 594 au
436 557 612 597 interdum
640 557 818 592 invenitur
847 568 881 604 o,
913 558 955 592 ut
978 557 1120 603 caudex,
1150 557 1265 603 codex,
1292 557 1432 602 plaudo,

171 618 285 663 plodo,
309 617 365 651 vel
390 628 423 666 u,
448 618 490 651 ut
513 616 643 658 claudo,
667 616 772 651 cludo.
819 613 987 650 Sermone
1006 615 1147 661 plebeio
1172 627 1238 660 pro
1257 626 1306 650 au
1324 615 1432 650 inter-

120 703 123 706 >
174 675 258 710 dum
282 675 400 721 posita
424 686 457 719 a,
481 675 523 709 ut
547 674 708 719 Ayustus,
734 676 837 708 tarus.

269 733 329 769 Eu
353 732 390 767 in
417 731 563 767 Graecis
587 733 756 767 servatur.
805 731 1111 766 Pronuntiandum
1137 731 1247 778 igitur
1274 730 1434 777 Orpheus,

173 791 301 833 Peleus,
326 802 398 825 non
426 790 589 835 Orpheus,
614 790 744 825 Peleus.

270 848 340 883 Pro
366 861 405 883 ει
432 847 569 883 Graeca
593 848 698 883 modo
725 854 742 882 ἓ
767 848 964 893 adhibetur,
989 848 1095 883 modo
1116 854 1140 883 i.
1191 848 1284 882 Ante
1310 859 1432 883 conso-

174 919 258 942 nam
284 909 404 941 tamen
429 907 574 953 ponitur
593 913 618 953 i,
645 908 684 941 ut
699 906 813 952 Nilus,
838 918 1052 952 quamquam
1074 906 1253 941 invenitur
1274 906 1432 952 aliquan-

174 966 219 1000 do
245 965 443 1011 Polycletus,
468 965 638 1010 edyllium.

745 1062 776 1104 ἓ.
800 1061 855 1096 12.

558 1135 612 1165 De
637 1133 825 1171 vocalium
850 1141 1048 1165 concursu.

269 1198 436 1242 Displicet
452 1197 619 1231 vocalium
638 1208 818 1231 concursus
837 1198 875 1231 in
894 1196 1050 1231 vocabulo
1070 1197 1227 1241 simplici,
1248 1200 1279 1231 et
1296 1198 1429 1241 quidem

173 1256 291 1301 mayis,
315 1255 348 1291 si
370 1257 512 1299 utraque
536 1255 643 1290 brevis
666 1257 723 1290 est.

273 1314 368 1348 ,Talis
392 1312 506 1347 hiatus
530 1324 594 1356 quo
619 1313 788 1347 molestior
812 1315 868 1353 est,
894 1315 925 1346 et
937 1313 1050 1356 plura
1069 1315 1101 1346 et
1118 1313 1264 1355 fortiora
1283 1313 1430 1347 remedia

172 1372 220 1406 ad
244 1371 425 1406 tollendum
449 1370 548 1405 illum
572 1370 622 1405 vel
646 1370 874 1415 mitiyandum
898 1370 1051 1404 adhiberi
1069 1380 1140 1414 par
1164 1373 1220 1406 est.

270 1429 418 1465 Pessime
452 1430 592 1464 oderant
620 1428 772 1463 Romani
805 1428 972 1463 vocalium
1007 1439 1205 1464 concursum
1240 1429 1431 1474 earundem,

174 1487 351 1533 imprimis
377 1486 584 1522 coniunctas
610 1498 665 1531 aa,
690 1498 733 1529 ee,
759 1497 807 1529 oo,
832 1486 950 1521 minus
976 1487 1012 1528 ii,
1037 1498 1086 1521 uu
1111 1485 1188 1533 (aut
1206 1487 1250 1531 ji,
1273 1485 1343 1534 vu).

271 1545 424 1581 Omnino
450 1556 472 1580 a
497 1545 553 1580 vel
579 1558 596 1580 o
621 1545 755 1581 iunctae
778 1556 855 1580 eum
884 1545 992 1580 vocali
1016 1545 1166 1590 qualibet
1196 1548 1385 1591 insequente
1409 1557 1431 1580 a

172 1604 340 1640 Romanis
364 1605 423 1639 vix
446 1604 648 1640 adhibentur
677 1606 818 1650 praeter
846 1604 999 1650 paucula
1029 1604 1084 1639 vel
1110 1604 1258 1639 nomina
1287 1605 1432 1651 propria

173 1663 229 1697 vel
257 1663 462 1708 composita.

271 1719 368 1762 Quae
395 1732 475 1755 cum
500 1720 552 1754 ita
577 1722 712 1766 essent,
742 1719 786 1754 ad
812 1719 1035 1766 Propertium
1068 1722 1103 1755 et
1128 1719 1291 1755 Ovidium
1319 1733 1430 1767 usque

173 1779 211 1813 in
232 1779 393 1823 yenetivis
416 1779 702 1813 substantivorum
727 1779 765 1812 in
780 1779 858 1820 ius,
882 1779 961 1812 ium
992 1778 1195 1812 exeuntium
1221 1791 1329 1813 unum
1356 1780 1370 1812 i
1396 1781 1431 1813 et

173 1835 378 1871 scribebant
402 1838 438 1871 et
463 1836 752 1881 pronuntiabant,
777 1838 818 1870 ut
844 1835 946 1878 Tulli,
970 1836 1099 1870 consili.

223 1890 226 1892 v
272 1895 402 1931 Postea
428 1895 580 1931 scribere
607 1897 798 1941 coeperunt
828 1896 863 1929 et
887 1891 1116 1940 pronuntiare
1143 1894 1264 1939 Tullii,
1288 1895 1432 1941 consilii,

173 1954 265 1988 sicut
294 1965 360 1987 nos
390 1953 554 1997 facimus,
581 1955 625 1987 .ut
653 1955 774 1987 tamen
799 1954 836 1986 et
865 1952 1007 1986 brevior
1031 1952 1146 1987 forma
1168 1954 1336 1986 maneret.
1378 1952 1430 1986 Si-

174 2011 305 2047 militer
335 2013 471 2046 veteres
502 2010 706 2046 scribebant
734 2010 772 2045 in
803 2010 966 2056 genetivo
998 2009 1089 2056 sing.
1114 2012 1150 2045 et
1179 2021 1273 2045 nom.
1298 2011 1335 2044 et
1360 2009 1430 2044 dat.

174 2070 262 2115 plur.
288 2070 476 2104 verborum
502 2070 539 2103 in
564 2070 651 2111 aius,
681 2070 751 2113 aia,
781 2069 887 2110 aium,
916 2069 998 2110 eius,
1023 2069 1086 2113 eia,
1111 2070 1199 2103 eium
1225 2069 1429 2102 exeuntium

175 2126 254 2173 Gai,
284 2127 434 2172 Pompei,
464 2127 565 2169 Bais,
597 2126 704 2171 Mais,
735 2126 909 2171 Pompeis;
943 2126 1003 2160 sed
1030 2128 1149 2171 potest
1173 2125 1282 2159 etiam
1308 2137 1429 2160 secun-

175 2185 258 2221 dum
285 2178 487 2232 analogiam
513 2185 598 2230 poni
623 2184 752 2230 duplex
777 2185 801 2228 i,
826 2186 866 2219 ut
892 2184 987 2227 Gaii,
1012 2184 1117 2219 Baiis
1142 2184 1219 2219 sim.

271 2244 315 2279 In
339 2244 553 2289 praeteritis,
585 2254 674 2288 quae
699 2243 833 2277 habent
857 2243 919 2287 ivi,
946 2243 976 2277 si
1002 2242 1133 2277 omissa
1158 2242 1205 2275 sit
1228 2253 1263 2284 v,
1288 2242 1429 2287 quando

175 2302 334 2349 sequitur
361 2302 381 2347 i,
407 2299 685 2337 contractionem
710 2301 786 2336 fieri
811 2301 936 2335 melius
967 2302 1021 2335 est
1050 2301 1190 2345 praeter
1214 2300 1301 2346 perf.
1325 2300 1430 2335 indic.

174 2360 324 2406 primam
350 2362 386 2394 et
409 2360 553 2394 tertiam
581 2360 670 2405 sing.
697 2361 732 2394 et
763 2359 914 2404 primam
940 2359 1089 2404 pluralis
1115 2370 1216 2404 pers„
1245 2361 1287 2393 ut
1305 2360 1430 2403 petisti,

171 2419 301 2465 petisse,
326 2420 450 2453 contra
467 2419 563 2463 petii,
582 2418 691 2463 petiit,
711 2418 881 2462 petiimus.

233 2476 324 2499 Summ.
335 2476 444 2503 orthogr.
455 2478 480 2498 et
489 2482 556 2502 prou.
566 2476 629 2504 Lam,
645 2482 690 2498 scr.
700 2476 729 2497 L.
739 2475 882 2498 Muxmmn.
1176 2477 1194 2503 2
