1835 2904
522 225 560 256 11.
594 225 648 255 DE
669 225 869 256 PROSODIA
889 225 1052 256 LATINA.
1372 226 1417 261 37

733 315 766 357 §-
790 313 849 349 25.

394 389 444 419 11.
475 390 522 419 De
543 383 701 420 finalibus
716 389 758 429 ¹in
777 397 954 420 consonam
975 372 1185 419 exeuntibus.

690 430 736 486 De
757 466 774 486 c
792 444 887 488 finali.
943 453 946 456 ¹

196 521 200 526 ’
256 518 300 553 In
324 529 342 553 c
366 518 533 552 exeuntia
556 518 666 564 longa
690 519 789 563 sunt,
818 519 858 552 ut
882 517 970 560 illic,
999 518 1097 560 allec,
1128 518 1268 562 praeter
1298 518 1417 559 donEc;

158 577 197 613 in
231 577 310 612 huic
338 577 352 611 i
382 578 419 610 et
453 575 581 621 corripi
615 577 752 621 potest,
788 578 828 611 ut
864 575 1017 621 videtur,
1054 578 1090 611 et
1126 576 1274 622 produci
1314 576 1360 620 [d.
1392 588 1420 611 r.

158 647 204 669 m.
227 625 336 678 2⁷⁰1?

691 680 737 710 De
757 682 772 710 t
790 681 885 710 finali.

257 741 291 776 T
311 732 428 776 finalis
461 741 597 786 optimo
626 743 789 789 tempore
820 753 958 787 semper
989 741 1117 776 habuit
1147 741 1417 787 praecedentem

157 799 315 835 vocalem
341 799 484 834 brevem
508 801 648 844 praeter
672 799 718 834 iit
742 801 778 835 et
795 800 899 844 petiit
922 811 1003 834 cum
1029 799 1252 845 compositis,
1283 800 1345 835 ubi
1372 800 1416 835 ad

157 857 459 903 compensandum
484 869 520 903 v,
555 857 650 904 quod
690 857 863 893 omissum
898 858 987 900 erat,
1029 859 1168 892 retenta
1208 859 1264 893 est
1298 858 1417 905 longa.

158 914 292 951 Contra
315 916 392 958 ivit,
411 916 535 960 petivit
558 915 658 951 brevi
683 918 766 950 sunt
790 916 899 951 finali.
1350 912 1355 915 ’

575 992 621 1021 De
641 991 667 1028 1,
687 1001 733 1029 m,
753 1001 787 1029 n,
809 1002 825 1021 r
844 991 1015 1022 finalibus„

137 1082 140 1086 .
253 1051 297 1086 In
322 1052 349 1094 l,
373 1063 411 1095 ης
436 1063 456 1086 r
480 1051 645 1087 exeuntia
669 1053 754 1087 sunt
777 1052 899 1087 brevia
925 1053 1066 1098 praeter
1090 1051 1290 1098 composita
1314 1051 1414 1086 verbi

147 1117 218 1155 fir
248 1112 284 1146 et
314 1111 382 1146 lien
417 1109 526 1156 (quod
557 1112 676 1146 ortum
702 1122 745 1145 ex
775 1109 889 1158 lienis)
927 1113 963 1146 et
993 1110 1129 1146 Graeca
1159 1122 1249 1157 quae
1279 1110 1414 1146 habent

154 1169 311 1204 vocalem
342 1170 487 1214 longam
518 1168 672 1214 exceptis
703 1169 755 1203 eis
785 1181 875 1214 quae
907 1169 945 1204 in
961 1178 1047 1214 ως),
1078 1182 1182 1214 ορος
1212 1170 1342 1203 exeunt
1370 1171 1412 1203 ut

153 1226 286 1269 Hector,
306 1226 449 1271 Ayefflr.
485 1226 626 1268 Celtiber
646 1228 683 1261 et
701 1226 865 1272 producit
885 1227 1029 1261 finalem
1050 1228 1085 1261 et
1101 1226 1256 1272 corripit.
1288 1226 1409 1261 Etiam

152 1284 260 1328 υἰὰἔη,
285 1285 378 1330 quod
402 1285 537 1320 factum
562 1296 605 1319 ex
628 1284 770 1327 υίᾶῑεηε,
796 1284 991 1320 breve-est.

525 1386 535 1396 ⁶
559 1378 602 1409 De
623 1379 669 1409 cis
682 1386 768 1416 quae
787 1378 822 1409 in
841 1386 857 1409 s
877 1379 1000 1409 exeunt.

671 1437 718 1467 De
737 1446 773 1468 as
792 1437 887 1467 finali.

209 1508 212 1510 ·
247 1498 302 1534 ΑΒ
322 1498 431 1544 longa
454 1499 594 1543 praeter
618 1497 880 1533 nominativum
903 1497 1135 1544 Graecorum,
1164 1509 1254 1543 quae
1275 1498 1410 1533 habent

149 1569 208 1601 ας,
239 1556 344 1601 aedos,
374 1568 476 1600 ατος,
507 1568 589 1601 ocos,
615 1557 722 1602 atque
747 1555 991 1601 accusativum
1015 1556 1152 1602 tertiae,
1180 1557 1222 1591 ut
1247 1555 1408 1592 ἸἸινασᾶε.

149 1614 251 1650 Anas
275 1627 361 1650 num
381 1615 429 1650 sit
452 1614 552 1649 brevi
575 1614 675 1649 finali
698 1626 773 1649 non
796 1615 952 1660 constat3
977 1627 1062 1650 nam
1082 1614 1241 1650 Petronii
1261 1626 1338 1659 cap.
1358 1615 1407 1649 93

151 1684 183 1706 v.
209 1672 232 1707 2
257 1673 454 1717 corruptus.

670 1717 716 1748 De
737 1727 770 1748 es
789 1717 882 1748 finali.

188 1798 191 1799 ν
247 1779 300 1813 Es
324 1778 443 1825 longa.
495 1778 620 1813 Brevis
646 1778 683 1812 in
708 1778 912 1813 nominibus
938 1778 1092 1822 Latinis,
1119 1776 1274 1824 quaein
1304 1790 1408 1824 gene-

148 1836 223 1872 tivo
255 1838 460 1872 accrescunt
490 1836 640 1882 syllaba,
675 1837 716 1871 ut
744 1835 964 1882 paenultima
993 1836 1042 1871 sit
1070 1836 1201 1879 brevis,
1232 1838 1273 1872 ut
1302 1836 1407 1874 mihis.

147 1894 386 1940 Excipiuntur
410 1898 530 1930 tamen
555 1895 660 1938 abies,
685 1896 789 1938 aries,
808 1895 942 1940 paries,
967 1894 1064 1930 Ceres
1084 1896 1121 1929 et
1145 1907 1235 1940 quae
1262 1895 1407 1930 descen-

121 1967 124 1970 ·
148 1952 236 1987 dunt
262 1964 284 1987 a
300 1958 371 1998 pes.
419 1952 609 1988 Praeterea
633 1964 667 1988 es
691 1965 713 1987 a
737 1953 852 1999 poetis
878 1953 1067 1999 corripitur
1091 1952 1130 1987 in
1155 1952 1299 1987 nomine
1324 1954 1406 1988 tert.

147 2010 243 2057 decl„
277 2011 417 2058 quando
452 2011 570 2057 posita
604 2014 658 2046 est
689 2024 755 2057 pro
785 2024 836 2057 ες,
877 2013 916 2046 ut
953 2011 1107 2047 Thraces.
1167 2010 1328 2058 Denique
1371 2023 1406 2047 es

147 2068 264 2104 brevis
288 2069 327 2103 in
355 2068 458 2114 penb‘s
481 2071 517 2103 et
541 2069 576 2104 ἔε
600 2070 694 2115 quod
719 2069 900 2105 descendit
924 2082 946 2104 a
969 2081 1055 2112 sum,
1081 2082 1159 2104 cum
1185 2076 1219 2104 Es
1243 2082 1308 2115 pro
1334 2071 1407 2105 edis
1464 2081 1468 2083 “

145 2127 369 2173 producatur.

673 2175 718 2206 De
738 2175 765 2206 is
784 2176 880 2206 finali.

165 2244 172 2250 ‘
242 2234 284 2270 Is
302 2234 430 2287 brevis.
468 2234 592 2282 Longa
611 2234 650 2269 in
669 2234 801 2281 plurali
821 2237 862 2270 ut
880 2236 992 2279 nobis,
1010 2242 1143 2281 pueris,
1170 2242 1295 2281 anquis
1320 2235 1401 2283 (pro

146 2291 300 2339 angues),
319 2293 357 2327 in
376 2293 596 2328 nominativo
616 2290 753 2340 tertiae,
774 2294 914 2340 quando
935 2294 1099 2340 genetivi,
1118 2306 1189 2329 una
1210 2295 1352 2339 syllaba
1373 2296 1403 2329 si

145 2353 336 2396 accrescat,
360 2351 471 2397 longa
490 2353 546 2386 est
564 2351 799 2398 paenultima,
817 2354 859 2386 ut
878 2351 1032 2394 Samnis,
1052 2352 1195 2397 delphis,
1220 2352 1399 2387 interdum

144 2408 252 2444 efiam
276 2408 316 2445 in
327 2410 457 2455 pulvis,
481 2410 638 2456 scmquiffi
666 2421 732 2446 nee
759 2410 876 2447 minus
905 2410 966 2447 ubi
993 2411 1031 2446 in
1059 2409 1204 2446 Graecis
1233 2412 1288 2446 est
1322 2423 1401 2455 εις,
