1835 2904
769 704 822 745 L.
855 703 896 745 S.

303 819 486 866 Augendis
516 819 833 865 promovendisque
865 820 904 854 in
928 819 1077 855 Rossiea
1107 821 1202 855 terra
1237 819 1461 865 antiquitatis

204 877 358 913 Graecae
384 880 420 913 et
440 878 588 913 Latinae
609 878 734 913 studiis
760 890 842 913 cum
861 878 951 912 nihil
976 878 1091 923 magis
1116 878 1234 912 obstet
1254 890 1359 923 quam
1381 878 1461 912 sub—

205 935 375 971 sidiorum
405 936 659 981 litteratorum,
693 936 821 982 quibus
851 937 1097 981 praeceptores
1131 934 1241 970 futuri
1268 947 1346 970 cum
1368 947 1461 970 com-

204 994 309 1029 modo
334 995 497 1039 utantur,
527 994 704 1039 paucitas,
734 994 794 1028 diu
824 994 893 1028 fuit
923 993 1125 1037 consilium,
1158 995 1199 1027 ut
1230 995 1265 1028 et
1294 994 1370 1039 ipse
1395 1006 1460 1039 pro

204 1064 283 1087 mea
307 1054 407 1098 parte
435 1052 567 1099 aliquid
598 1052 809 1098 conferrem,
840 1064 908 1098 quo
930 1052 1091 1087 Instituti
1118 1051 1233 1087 nostri
1250 1052 1397 1088 'sodales
1423 1053 1459 1087 in

203 1111 394 1157 fungendis
419 1112 657 1157 praeceptoris
682 1112 825 1158 linguae
846 1111 994 1146 Latinae
1019 1110 1223 1157 muneribus
1244 1111 1460 1145 iuvarentur.

204 1167 313 1204 Cuius
335 1169 442 1204 studii
463 1170 713 1205 documentum
733 1171 774 1204 ut
788 1170 840 1205 rei
860 1170 1027 1205 metricae
1048 1171 1233 1216 poetarum
1249 1169 1458 1204 Latinorum

204 1228 320 1262 brevis
346 1229 537 1274 enarratio,
563 1242 669 1274 quam
695 1241 809 1274 nuper
834 1229 1022 1273 edidimus,
1047 1229 1099 1263 ita
1123 1228 1196 1273 hic,
1222 1239 1327 1273 quem
1347 1228 1459 1262 mani-

204 1284 269 1319 bus
300 1286 417 1330 tenes,
448 1287 502 1320 est
531 1286 682 1320 libellus.
732 1285 777 1320 In
810 1297 879 1331 quo
905 1285 999 1331 quod
1024 1297 1095 1319 una
1121 1285 1239 1331 agitur
1271 1282 1459 1320 de'ortho-

203 1343 353 1388 graphia
383 1343 511 1379 Latina
541 1346 577 1379 et
607 1344 649 1379 de
685 1343 867 1389 prosodia,
901 1343 937 1378 id
973 1343 1148 1378 iudicibus
1182 1343 1319 1379 idoneis
1354 1343 1459 1379 facile

203 1401 391 1444 probatum
424 1402 470 1435 iri
507 1413 619 1446 spero.
674 1401 768 1435 Nam
799 1403 839 1435 ut
874 1400 1130 1445 orthographia
1159 1404 1254 1435 recte
1286 1402 1460 1435 scribendi

202 1450 388 1502 vocabula,
413 1459 464 1494 ita
488 1459 656 1505 prosodia
676 1461 770 1494 recte
796 1458 1047 1504 pronuntiandi
1067 1458 1207 1504 legibus
1232 1461 1461 1506 temperatur,

201 1518 241 1551 ut
267 1519 436 1562 appareat
461 1517 686 1563 disciplinam
706 1519 893 1563 utramque
919 1528 992 1551 non
1017 1514 1122 1551 niodo
1148 1516 1292 1552 affinem
1312 1518 1404 1552 inter
1424 1530 1460 1552 sc

201 1576 237 1609 et
263 1575 483 1622 contiguam,
514 1576 576 1611 sed
598 1576 749 1613 alteram
780 1576 926 1610 alterius
956 1575 1127 1622 indigam.
1178 1574 1280 1617 Quod
1305 1588 1385 1611 cum
1410 1577 1461 1611 ita

201 1634 263 1678 sit,
289 1634 448 1679 sequitur
477 1647 550 1669 non
576 1635 661 1669 satis
687 1636 782 1669 recte
808 1646 926 1669 rerum
947 1634 1237 1679 prosodiacarum
1263 1634 1459 1669 doctrinam

202 1691 371 1737 coniungi
397 1703 476 1726 cum
503 1692 665 1727 doctrina
690 1692 873 1727 metricae:
910 1691 1043 1726 etenim
1068 1691 1196 1737 peritia
1221 1692 1361 1727 illarum
1387 1704 1460 1727 non

203 1749 321 1784 minus
347 1750 385 1784 in
410 1750 565 1795 pedestri
591 1762 752 1785 sermone
778 1762 885 1795 quam
910 1750 949 1784 in
970 1751 1130 1785 versibus
1151 1750 1254 1785 nobis
1281 1763 1370 1796 opus
1397 1754 1460 1786 est.

201 1806 327 1853 Itaque
357 1820 401 1843 ne
431 1807 499 1844 hoc
525 1808 665 1854 quidem
691 1808 836 1853 mirum,
867 1808 961 1855 quod
987 1808 1146 1844 videmus
1177 1808 1307 1844 multos
1333 1808 1461 1845 Roma—

201 1878 329 1901 norum
345 1868 481 1912 poetas,
496 1867 648 1901 maxime
665 1867 870 1903 ultimorum
886 1869 1098 1912 temporum,
1114 1868 1325 1902 excellentes
1341 1868 1460 1902 metri-

202 1920 330 1959 carum*
338 1924 458 1970 legum
475 1936 572 1970 cura,
594 1926 632 1959 at
652 1937 775 1970 parum
793 1925 1021 1961 observantes
1038 1924 1341 1970 prosodiacarum3
1362 1925 1460 1968 alios,

202 1982 469 2027 antiquissimos
500 1983 702 2028 praecipue,
733 1995 813 2018 cum
847 1982 1034 2027 prosodiae
1060 1983 1252 2033 servandae
1283 1983 1356 2018 sint
1388 1985 1458 2018 stu-

202 2040 408 2086 diosissimi,
434 2043 619 2086 peccantes
645 2041 683 2075 in
708 2041 902 2076 metricam.

299 2098 463 2134 Ceterum
479 2111 558 2134 cum
573 2099 715 2134 libellus
736 2101 858 2135 noster
874 2101 968 2134 esset
989 2100 1185 2135 destinatus
1202 2100 1324 2134 usibus
1344 2100 1459 2145 quoti·

201 2157 316 2192 dianis
349 2160 634 2204 praeceptorum,
670 2158 807 2193 seclusa
842 2160 924 2193 sunt
948 2158 1117 2205 pleraque
1142 2171 1281 2204 eorum,
1317 2171 1406 2204 quae
1438 2172 1459 2193 a

201 2216 342 2262 placitis
362 2213 634 2252 florentissimae
655 2217 855 2252 litterarum
871 2216 1077 2252 Latinarum
1095 2218 1222 2252 aetatis
1244 2217 1458 2263 scriptorum

201 2276 321 2308 essent
345 2274 469 2309 aliena.
1406 2269 1410 2273 X

298 2333 421 2378 Itaque
448 2334 498 2368 sic
522 2333 656 2368 habeto:
691 2334 730 2368 in
760 2332 997 2379 orthoyraphia
1025 2333 1203 2377 referenda
1232 2334 1373 2369 describi
1396 2346 1458 2379 Ρο-

180 2391 370 2438 >tissimum
403 2402 530 2426 morem
564 2394 596 2426 et
630 2394 777 2427 rationes
812 2403 896 2427 saec.
926 2403 962 2436 p.
999 2391 1080 2427 Chr.
1109 2393 1234 2436 primi,
1273 2396 1313 2427 ut
1348 2396 1458 2427 tarmen

1187 2448 1226 2478 1*
