1835 2904
563 211 586 240 Ι.
622 210 675 239 ΒΕ
699 209 1030 241 ORTHOGRAPHIA.
1384 212 1430 246 15

174 312 304 336 comma
328 301 376 335 ad
405 300 634 344 separandum
658 311 682 334 a
705 299 802 334 verbo
829 300 928 344 finito
952 300 1180 335 accusativum
1210 311 1285 335 cum
1314 301 1431 346 infini-

174 359 240 393 tivo
270 358 321 392 vel
349 358 536 392 ablativum
564 358 769 402 absolutum,
798 368 903 406 neque
933 369 1016 401 opus
1046 361 1095 392 est
1117 369 1234 393 sensus
1263 359 1430 403 relativos,

172 416 233 451 ubi
244 416 426 461 partunpii
437 414 652 460 periphrasis
675 415 724 451 eis
742 416 933 450 continetur
951 418 984 450 et
1001 416 1164 450 omissum
1183 419 1232 450 est
1243 428 1431 461 pronomen

174 468 488 516 demonstrativum,
512 473 643 508 includi
667 474 851 508 commatis.
902 472 1134 508 scribendum
1160 473 1271 519 igitur
1293 474 1432 518 frustra

173 542 276 576 neyas
305 532 432 566 crimen
461 541 529 566 esse
557 542 681 566 verum.
731 531 783 565 Re
812 532 946 576 cognita
970 530 1098 566 Caesar
1127 530 1217 578 (sive
1244 530 1372 566 Caesar
1395 544 1432 567 re

174 587 322 636 cognita)
352 590 391 624 in
421 588 577 624 Galliam
599 590 761 634 perrexit.
810 588 1001 624 Praeterea
1030 591 1152 635 potest
1177 589 1302 625 scribi:
1337 589 1431 625 Eum

174 658 286 682 omnes
320 648 380 692 qui
413 650 541 682 norunt
578 650 707 682 amant.
761 647 933 687 Sedulitas
967 651 1080 682 autem
1113 648 1212 682 stulte
1250 659 1348 692 quem
1383 649 1432 682 di-

176 705 253 751 liqit
280 708 408 751 uryuet.
457 705 645 741 Praeterea
677 707 760 741 ante
789 706 828 741 id
850 706 953 752 quod,
984 706 1014 741 si
1039 718 1081 741 eo
1106 706 1295 752 respicitur
1315 707 1432 741 totum

175 765 413 810 enuntiatum,
443 764 647 810 ponendum
678 776 832 810 comma,
866 777 940 800 non
969 767 1053 811 post
1081 766 1136 800 id.-
1177 765 1365 810 Timoleon,
1395 765 1434 800 id

174 824 265 867 quod
281 823 525 867 difficillimum
537 826 694 870 putatur,
713 824 819 859 multo
832 825 1022 912 patientius
1042 824 1122 859 tulit
1135 824 1314 859 secundam
1328 835 1432 868 quam

172 882 348 917 adversam
370 882 556 926 fortunam.

743 982 775 1024 ξ.
804 981 859 1015 10.

357 1053 411 1083 De
440 1053 704 1083 assimilatione
731 1056 769 1084 et
793 1054 997 1084 variatione
1023 1053 1247 1084 litterarum.

269 1114 455 1160 Euphonia
480 1117 676 1162 linquarum
701 1127 827 1162 magna
852 1128 893 1152 ex
912 1119 1012 1161 parte
1031 1117 1218 1151 continetur
1238 1117 1429 1152 litterarum

171 1174 240 1209 sive
268 1176 513 1211 assimilatione
541 1177 610 1211 sive
641 1176 838 1211 variatione.
887 1175 1034 1211 Etenim
1065 1176 1297 1211 assimilando
1322 1176 1429 1211 nimis

167 1232 375 1281 ,inaequalia
400 1234 456 1268 vel
481 1234 695 1269 inconcinna
720 1234 765 1268 ad
791 1233 1042 1279 aequalitatem
1068 1234 1225 1279 aliquam
1246 1234 1320 1269 sive
1346 1246 1427 1269 con-

173 1290 382 1326 cinnitatem
407 1294 633 1339 revocantur;
660 1294 785 1328 contra
804 1292 975 1328 variando
1002 1292 1167 1338 aequalia
1186 1292 1294 1327 nimis
1320 1294 1357 1327 et
1382 1293 1427 1328 ob

172 1349 207 1383 id
234 1349 376 1395 ingrata
402 1363 490 1386 sono
517 1354 578 1386 aut
602 1351 778 1386 tolluntur
804 1353 865 1386 aut
890 1351 1110 1396 mitigantur.

271 1407 368 1449 Quae
401 1420 481 1443 cum
510 1409 562 1443 ita
593 1409 679 1453 sint,
712 1411 749 1443 et
778 1408 989 1443 assimilatio
1020 1410 1056 1443 et
1085 1409 1236 1443 variatio
1266 1408 1428 1454 frequen-

171 1466 310 1502 tissima
340 1467 434 1512 apud
459 1466 612 1502 Graecos
639 1469 675 1502 et
705 1467 902 1513 Romanos,
934 1469 975 1502 ut
1006 1467 1066 1513 qui
1095 1467 1152 1502 vel
1177 1467 1330 1502 maxime
1357 1470 1426 1502 stu-

172 1524 313 1559 duerint
337 1525 545 1571 euphoniae.
722 1521 725 1523 v

269 1582 548 1620 Assimilationis
568 1584 766 1630 exemplum
792 1584 886 1630 apud
907 1583 1061 1620 Graecos
1082 1585 1118 1619 et
1138 1583 1321 1619 Romanos
1344 1586 1429 1619 sunt

171 1642 452 1688 praepositiones
478 1643 611 1678 multae
632 1656 712 1678 cum
733 1643 812 1678 aliis
834 1643 1006 1678 orationis
1031 1643 1192 1689 partibus
1214 1643 1429 1689 compositae

171 1703 212 1735 ut
251 1699 464 1746 ἐμβάλλω,
505 1701 687 1748 συῤῥέω,
726 1702 900 1747 impuyno,
935 1703 1049 1741 irruo;
1090 1701 1299 1737 variationis
1335 1702 1428 1747 apud

173 1758 327 1795 Graecos
358 1759 540 1805 Βάκχος,
574 1759 758 1806 Σαπφώ,
792 1757 1002 1805 Πιτθεύς,
1036 1760 1097 1794 ubi
1136 1760 1234 1805 prior
1270 1760 1429 1806 aspirata

172 1819 312 1852 mutata
327 1820 383 1852 est
402 1818 439 1852 in
458 1820 616 1864 tenuem,
637 1818 731 1864 apud
746 1817 928 1853 Romanos
945 1817 1120 1853 Gracchus
1139 1830 1204 1863 pro
1221 1818 1428 1863 Grachchus,

171 1877 327 1912 meridies
356 1889 421 1923 pro
452 1877 639 1923 mediidies,
669 1879 803 1922 asporto
834 1889 898 1923 pro
930 1876 1098 1921 absportO,
1128 1877 1333 1922 stipendium
1363 1889 1427 1923 pro

170 1935 422 1980 stipipendium.

269 1993 541 2030 Assimilationis
561 2006 602 2030 eoe
622 1995 688 2039 leye
708 1994 826 2029 evenit
845 1995 884 2029 in
900 1994 1059 2029 oratione
1075 1986 1216 2038 Latina,
1237 1996 1279 2028 ut
1299 1994 1427 2029 seribe-

171 2054 269 2087 retur
294 2055 357 2087 aut
382 2055 474 2087 oerte
499 2053 788 2097 pronuntiaretur
813 2054 922 2088 tenuis
940 2056 1019 2087 ante
1045 2055 1188 2097 tenuem,
1213 2053 1325 2087 media
1350 2055 1429 2088 ante

171 2110 333 2156 mediam,
362 2112 404 2145 ut
427 2111 571 2155 optineo,
600 2113 727 2155 supter,
761 2110 897 2145 abduco.
947 2109 1063 2145 Simili
1093 2122 1198 2144 causa
1222 2110 1427 2144 institutum

171 2168 274 2214 illud,
306 2170 348 2203 ut
372 2180 397 2204 n
426 2171 577 2214 sequente
602 2169 621 2204 b
651 2169 708 2204 vel
731 2181 760 2214 p
785 2169 884 2204 fieret
908 2181 957 2214 m,
988 2171 1112 2204 contra
1136 2180 1171 2203 m
1195 2180 1268 2204 non
1298 2168 1427 2204 tolera-

172 2229 270 2262 retur
290 2229 372 2262 ante
393 2228 621 2274 gutturalem,
644 2239 668 2262 n
688 2231 840 2272 sequente
855 2228 1024 2273 qutturali
1043 2239 1154 2272 paene
1175 2229 1319 2262 sonaret
1338 2230 1379 2262 ut
1395 2240 1428 2272 (J.

173 2285 360 2321 Praeterea
376 2287 560 2331 =qeminatio
580 2297 805 2321 consonarum
825 2287 1030 2333 plerumque
1051 2285 1317 2320 assimilationis
1338 2287 1426 2320 tem-

172 2346 316 2390 peratur
340 2345 433 2391 lege,
458 2347 499 2380 ut
524 2345 657 2380 am'deo
682 2357 747 2390 pro
772 2345 920 2380 adrideo.

270 2403 544 2439 Assimilationis
573 2414 613 2438 ex
644 2403 711 2447 leye
745 2403 853 2437 etiam
884 2405 964 2437 orta
993 2403 1190 2438 allitteratio
1220 2406 1252 2437 et
1280 2402 1426 2438 homoeo-
