1835 2904
796 490 822 526 1.

538 538 606 593 DE
638 557 1084 594 ORTHOGRAPHIA.

767 639 800 679 ἓ.
829 637 858 671 1.

576 710 679 744 Quid
703 710 753 740 sit
777 709 1049 748 orthographia.

280 772 530 818 Orthoyraphia
555 774 610 808 est
633 776 724 809 recta
747 774 922 809 verborum
946 774 1126 818 scriptura.

277 831 369 867 Eius
398 831 482 877 kyes
511 831 643 877 duplici
672 834 824 877 possunt
857 831 1049 878 temperari
1079 831 1232 866 ratione:
1265 842 1352 866 nam
1378 832 1440 865 aut

179 891 227 925 ad
249 890 413 935 oriqinem
436 890 611 925 vorborum
635 892 668 925 et
690 891 739 925 ad
765 890 999 936 etymoloyiam
1029 887 1140 936 (quod
1170 889 1281 924 latine
1311 888 1440 924 dicitur

179 949 415 994 veriloquium)
445 947 641 992 referuntur
671 949 734 983 aut
764 949 813 984 ad
840 948 1027 984 communis
1050 948 1139 982 vitae
1162 959 1264 983 usum
1282 959 1437 993 pronun-

180 1007 300 1043 tiandi.
339 1006 444 1042 Illam
468 1005 542 1041 fere
567 1008 763 1053 sequuntur
787 1005 882 1042 Galli
907 1018 948 1042 ac
971 1005 1153 1053 Britanni,
1177 1006 1271 1042 hanc
1295 1008 1337 1042 ut
1359 1006 1437 1053 plu-

179 1066 310 1102 rimum
330 1065 501 1110 Germani
518 1063 564 1100 'et
587 1064 709 1113 Rossi3
741 1066 857 1112 magis
883 1065 991 1101 etiam
1018 1065 1140 1101 eadem
1169 1066 1226 1101 usi
1248 1065 1375 1101 Graeci
1401 1068 1438 1101 et

179 1123 334 1160 Romani
358 1125 505 1160 veteres.
988 1155 991 1158 Α

277 1183 444 1219 Ceterum
468 1185 508 1218 ut
539 1185 622 1218 sunt
650 1183 808 1219 humana.
840 1183 1095 1228 inconstantia,
1129 1183 1230 1218 nulla
1264 1194 1365 1229 gens¹
1382 1183 1436 1218 ita

178 1241 346 1287 probavit
375 1242 526 1277 alteram
556 1241 756 1291 rationem,¹
780 1243 821 1276 ut
846 1242 959 1276 altera
983 1253 1132 1287 prorsus
1158 1243 1253 1276 esset
1283 1241 1436 1277 exclusa.

178 1299 366 1335 Praeterea
390 1299 490 1335 nulla
504 1299 692 1345 *scriptura
716 1299 768 1334 ita
792 1301 913 1345 potest
936 1298 1037 1334 reddi
1056 1311 1125 1334 vox
1150 1299 1321 1344 humana,
1347 1299 1435 1334 haec

178 1359 219 1392 ut
249 1370 388 1404 semper
421 1360 457 1392 et
485 1358 616 1403 ubique
647 1359 817 1403 aequetur
849 1358 924 1393 illa.
972 1357 1084 1393 Porro
1117 1357 1251 1403 partim
1281 1357 1432 1393 consilio

177 1416 309 1461 partim
335 1428 436 1462 casu,
461 1418 503 1452 ut
527 1416 566 1451 in
592 1416 673 1451 aliis
694 1415 815 1462 rebus,
841 1416 894 1451 ita
918 1416 956 1451 in
976 1415 1234 1462 orthographia
1258 1416 1436 1452 interdum

177 1476 276 1510 recta
300 1475 393 1510 ratio
421 1474 601 1511 evertitur.

275 1533 437 1579 Denique
452 1533 597 1579 perinde
614 1534 719 1579 atque
736 1533 871 1579 omnia,
892 1533 1002 1568 etiam
1018 1533 1279 1580 orthographia
1298 1535 1435 1580 tempo-

177 1604 256 1627 rum
287 1604 392 1628 cursu
426 1592 634 1638 plerumque
669 1593 837 1627 mutatur.
892 1591 1014 1637 Itaque
1043 1592 1132 1627 inter
1160 1592 1335 1628 Romanos
1363 1593 1437 1628 alia

175 1651 347 1695 scriptura
370 1651 544 1686 verborum
567 1661 651 1685 usus
674 1650 810 1695 Livius,
834 1650 909 1685 alia
932 1650 1085 1693 Ennius,
1110 1651 1185 1693 alia
1209 1650 1338 1693 Oioero,
1363 1652 1436 1686 alia

179 1708 326 1746 Tacitus.
378 1708 480 1751 Quod
509 1720 590 1744 cum
619 1708 671 1744 ita
701 1708 763 1755 sit,
802 1720 847 1744 ne
877 1708 1127 1755 inaequalitate
1159 1709 1337 1745 scribendi
1373 1712 1437 1746 aut

177 1768 270 1804 oculi
295 1767 518 1804 offendantur
542 1767 737 1814 legentium
757 1769 820 1803 aut
838 1768 877 1802 in
898 1779 1052 1802 errorem
1073 1768 1288 1803 inducantur
1313 1769 1434 1815 animi,

175 1827 347 1871 scriptura
371 1829 490 1862 nostra
512 1827 609 1862 reddi
631 1829 758 1871 oportet
781 1829 888 1861 certae
914 1837 1015 1862 usum
1034 1837 1076 1861 ac
1095 1837 1221 1862 morem
1241 1828 1379 1869 aetatis,
1403 1831 1436 1863 et

175 1885 310 1929 quidem
344 1885 430 1931 eius,
464 1896 533 1930 qua
564 1885 641 1930 ipsa
670 1885 790 1930 linqua
823 1885 1026 1930 scriptorum
1055 1885 1190 1930 pariter
1223 1886 1370 1931 inyeuiis
1404 1889 1436 1922 et

175 1944 297 1980 studiis
318 1944 619 1989 grammaticorum
643 1944 691 1979 ad
713 1954 883 1979 summam
907 1947 956 1981 est
974 1945 1121 1980 adducta
1142 1944 1384 1990 perfectionem.

272 2002 387 2048 Iyitur
409 2003 449 2038 iu
473 2002 605 2038 Latina
636 2002 755 2048 linqua
778 2003 964 2048 sequendus
993 2005 1042 2038 est
1070 2014 1142 2039 mos
1165 2003 1345 2050 smffimdi,
1374 2005 1434 2049 qui

175 2061 322 2106 optinuit
339 2062 434 2106 apud
451 2061 675 2097 cultissimum
694 2073 853 2107 quemque
867 2061 1104 2098 Romanorum
1122 2063 1254 2099 saeculo
1274 2074 1325 2109 eo,
1346 2064 1435 2108 quod

172 2120 243 2163 fuit
270 2120 360 2154 iuter
383 2119 532 2164 Auyusti
555 2122 696 2155 mortem
719 2123 752 2154 et
777 2120 925 2155 Traiani
954 2118 1012 2166 (ab
1037 2132 1068 2155 a.
1093 2133 1129 2165 p.
1156 2120 1236 2156 Chr.
1257 2133 1290 2156 n.
1315 2122 1359 2156 14
1385 2123 1434 2157 ad

107 2193 111 2197 -
178 2176 277 2225 117),
291 2178 491 2223 proximum
511 2178 599 2213 illud
621 2189 744 2214 aureae
764 2175 954 2215 litterarum
969 2179 1177 2215 Latinarum
1196 2180 1315 2226 aetati,
1335 2181 1432 2216 cuius

174 2236 307 2280 quidem
336 2240 485 2272 auctores
514 2238 656 2282 exceptis
687 2237 842 2274 Varrone·
863 2242 896 2274 et
917 2239 1073 2274 Lucretio
1098 2250 1139 2273 ao
1163 2238 1342 2286 Sallustio,
1372 2242 1432 2285 qui

174 2295 276 2329 etiam
305 2295 343 2329 in
378 2294 617 2340 orthoyraphia
651 2299 772 2331 amant
805 2296 1026 2342 archaismos,
1055 2308 1161 2341 prope
1197 2298 1358 2333 aooeduut
1387 2299 1433 2333 ad

174 2364 275 2388 usum
293 2353 459 2389 scribendi
477 2365 560 2389 saec.
574 2365 611 2399 p.
627 2351 706 2389 Chr.
716 2354 835 2399 primi
875 2353 970 2390 Nam
992 2354 1253 2400 orthographia
1272 2355 1430 2402 priorum

174 2403 375 2459 temporum
390 2413 523 2459 partim
539 2413 758 2449 subobscura.
773 2416 919 2461 propter
933 2414 1119 2461 penuriam
1134 2414 1430 2461 testimoniorum,
