1835 2904
825 109 844 122 Q

612 202 635 233 1.
663 202 717 231 DE
739 202 1068 233 ORTHOGRAPHIA.
1421 204 1468 238 23

156 335 158 337 ,
209 294 294 328 esset
311 291 508 326 vocabulum
527 294 588 326 aut
605 292 638 326 si
660 292 754 336 oriyo
778 302 851 326 ems
874 295 958 327 esset
979 292 1190 338 subobscura,
1217 295 1257 327 ut
1274 293 1468 338 imperator,

210 360 320 396 aqyer,
345 349 478 394 oolkya,
503 349 683 395 amellam,
709 349 832 395 imbuo,
856 349 1001 384 immolo
1410 374 1414 375 γ

825 437 853 472 1.

306 505 368 540 Ad
390 505 431 540 fit
454 516 495 540 ao
521 507 688 550 sequente
713 516 731 540 o
755 505 812 540 vel
836 516 868 550 q,
892 505 933 539 ut
957 506 1079 539 tamen
1108 507 1191 540 ante
1215 517 1237 549 q
1262 505 1370 540 etiam
1395 518 1467 541 ma-

209 565 295 598 neat
325 564 389 606 ad;
423 565 505 598 ante
534 575 559 608 9
591 563 736 609 ponitur
770 563 844 599 sive
873 564 898 598 ol
929 563 1002 598 sive
1031 575 1069 609 y,
1103 565 1143 598 ut
1174 565 1297 600 tamen
1330 576 1469 610 semper

210 621 387 657 scribatur
411 633 520 668 ayyer,
550 623 587 657 et
611 634 701 668 quae
726 621 809 657 inde
835 621 1065 667 descendunt,
1091 624 1132 657 ut
1156 634 1323 668 ayqerqre.
1373 623 1482 658 Ante*

204 692 253 726 yn
279 681 334 715 vel
353 692 371 716 s
391 681 568 726 impuram
589 680 694 716 modo
716 681 892 727 scribitur,
918 681 1024 716 modo
1045 681 1232 727 omittitur,
1257 683 1298 716 ut
1317 693 1467 728 agnosco,

207 740 380 784 admosco,
406 739 541 783 aspicio,
568 739 726 783 adspvkio.
781 739 876 773 Ante
901 739 1053 785 liquidas
1079 741 1115 774 et
1137 740 1164 785 f}
1182 752 1211 784 p
1236 742 1272 774 et
1297 751 1315 775 s
1338 752 1467 786 purum

208 798 383 843 servatur,
414 798 455 831 ut
483 798 604 832 tamen
635 796 742 831 etiam
774 796 890 842 possit
914 796 1103 848 assimilari
1129 795 1238 843 (quod
1263 798 1403 843 quidem
1429 798 1466 833 in

202 867 230 900 p
254 855 297 890 fit
320 853 507 902 persaepe)
534 856 680 900 excepta
705 867 749 900 m,
774 855 836 889 ubi
860 855 897 890 id
917 867 1047 890 rarum.
1091 854 1186 890 Ante
1208 856 1465 892 tassimilatur.

303 913 395 948 Ante
418 913 460 948 fit
483 914 560 948 anci
583 913 622 947 in
646 914 781 958 antisto,
806 914 955 958 antistes,
980 913 1138 958 antimpo.

304 971 440 1007 Circum
466 973 635 1018 sequente
661 971 776 1007 vocali
802 971 937 1007 amittit
961 983 1010 1016 m,
1035 973 1076 1006 ut
1100 972 1269 1018 oirouoqo,
1294 973 1464 1008 droecitus.

302 1030 399 1066 Inter
424 1032 543 1066 manet
567 1030 795 1065 immutatum
820 1031 961 1076 praeter
985 1030 1138 1075 intellego
1170 1033 1206 1065 et
1236 1036 1325 1077 qu'ae
1351 1031 1396 1066 ab
1423 1043 1463 1066 eo

205 1088 431 1125 descendunt.

265 1162 268 1164 ’
304 1147 353 1182 Ob
383 1147 602 1182 assimilatur
628 1148 795 1193 sequente
820 1159 846 1192 o,
869 1148 897 1193 f,
918 1159 951 1193 9,
970 1159 1007 1192 p.
1064 1147 1158 1182 Ante
1183 1159 1201 1182 s
1225 1148 1281 1183 vel
1307 1151 1321 1183 t
1343 1150 1463 1194 potest

204 1205 355 1240 transire
379 1205 418 1239 in
437 1217 488 1250 op,
513 1207 554 1240 ut
573 1206 760 1250 opstipesoo,
786 1206 924 1249 optineo.
977 1205 1043 1240 Obs
1068 1206 1246 1250 apparet'
1235 1218 1274 1240 m
1294 1206 1463 1252 obsolesco,

204 1263 369 1308 obscenus,
390 1264 533 1299 ostendo.
578 1263 615 1298 B
635 1263 842 1298 omittitur
832 1275 870 1297 1n
891 1262 963 1297 illis
984 1274 1074 1309 quae
1096 1264 1179 1297 sunt
1199 1263 1322 1308 omitto,
1343 1264 1462 1308 operio.

301 1321 369 1357 Per
394 1323 524 1367 manet,
553 1323 699 1367 excepto
731 1321 822 1367 quod
850 1322 1018 1367 sequente
1044 1321 1057 1356 l
1082 1333 1125 1355 ex
1149 1333 1169 1355 r
1194 1323 1313 1367 potest
1338 1322 1413 1357 fieri
1439 1323 1461 1367 l,

204 1380 246 1414 ut
263 1379 464 1424 pellucidus,
490 1381 526 1414 et
550 1379 729 1414 interdum
754 1391 774 1414 r
799 1381 880 1414 ante
904 1380 920 1414 i
945 1390 1138 1414 consonam
1164 1379 1350 1415 omittitur.

303 1438 417 1473 Trans
451 1439 492 1474 fit
528 1449 632 1484 saepe
668 1441 723 1473 tra
758 1440 841 1473 ante
870 1439 885 1473 i
915 1450 1124 1480 consonam,
1154 1439 1190 1483 d,
1223 1438 1249 1483 l,
1279 1449 1328 1484 m,
1353 1449 1393 1484 n,
1423 1440 1463 1473 ut

204 1496 336 1542 lraioio,
379 1497 531 1543 traduco,
576 1497 735 1542 tralatus,
783 1497 947 1542 tramitte,
986 1499 1135 1541 tramam,
1174 1508 1387 1542 quamquam
1427 1503 1463 1530 et

203 1555 356 1600 pleniori
388 1556 523 1591 formae
554 1556 662 1591 locus.
696 1576 737 1581 -—-
772 1554 948 1602 Sequente
973 1567 991 1591 s
1020 1554 1197 1590 omittitur
1226 1557 1267 1590 ut
1296 1555 1462 1600 transilio,

203 1613 398 1648 transcribo.

810 1680 855 1718 ΙΙ.

299 1751 335 1785 A
365 1751 508 1795 ponitur
533 1752 614 1785 ante
645 1762 693 1795 m,
722 1762 757 1795 v,
787 1749 964 1784 interdum
990 1751 1073 1784 ante
1096 1750 1127 1792 f,
1158 1752 1199 1784 ut
1223 1751 1315 1795 afui,
1345 1751 1460 1794 afore;

201 1809 261 1844 abs
287 1810 370 1843 ante
396 1820 427 1854 c,
450 1820 485 1854 q,
513 1811 539 1854 t,
570 1810 606 1843 et
637 1808 769 1843 omissa
794 1808 813 1842 b
839 1809 921 1842 ante
944 1820 984 1853 p,
1009 1809 1049 1842 ut
1073 1808 1213 1853 ospello,
1243 1811 1397 1853 asporto;
1423 1809 1460 1844 bs

202 1867 351 1911 abiecta,
376 1869 416 1901 ut
436 1866 612 1902 Oorsseno
633 1867 760 1912 placet,
780 1867 817 1901 in
838 1867 969 1911 ‹iper-iffi
995 1878 1042 1901 au
1063 1868 1145 1901 ante
1159 1867 1183 1910 f
1191 1867 1228 1900 in
1246 1867 1327 1912 fero,
1345 1867 1458 1912 fuyio;

200 1925 243 1959 ab
268 1926 350 1959 ante
375 1925 530 1971 reliquas
555 1924 706 1959 litteras.

299 1982 381 2019 Com
407 1982 486 2030 (pro
513 1981 603 2030 oum)
629 1983 776 2028 ponitur
801 1984 882 2017 ante
910 1983 938 2028 b,
957 1995 994 2029 p,
1019 1994 1054 2018 m
1062 1994 1074 2025 ;
1100 1994 1161 2018 oon
1181 1985 1264 2018 ante
1285 1995 1458 2020 consonas

199 2043 340 2088 praeter
362 2053 430 2087 qm
456 2053 492 2077 oo
519 2043 601 2076 ante
626 2042 768 2077 vocales
794 2043 830 2076 et
848 2041 871 2076 h
891 2040 1061 2087 (exceptis
1087 2041 1159 2076 illis
1180 2043 1319 2088 comedo,
1344 2053 1458 2088 comes,

199 2102 372 2137 comitium
398 2103 433 2137 et
458 2112 547 2147 quae
578 2101 623 2136 ab
648 2100 705 2135 his
731 2098 964 2147 descendunt)
995 2112 1060 2135 nec
1092 2100 1206 2135 minus
1237 2102 1318 2135 ante
1344 2112 1393 2146 yn
1417 2103 1458 2136 ut

199 2171 368 2205 coynosoo,
401 2162 437 2194 et
469 2159 645 2194 interdum
672 2160 755 2194 ante
780 2160 795 2193 i
825 2171 1034 2204 consonam,
1064 2161 1105 2194 ut
1133 2160 1247 2203 ooiuyo
1279 2159 1458 2195 invenitur

199 2229 263 2263 pro
288 2218 438 2262 coniuqo.

296 2276 366 2312 Pro
391 2288 453 2312 oon
478 2277 648 2323 sequente
673 2277 686 2311 l
711 2276 766 2312 vel
790 2288 810 2311 r
835 2289 897 2322 per
923 2276 1213 2312 assimilationem
1244 2276 1336 2312 solet
1371 2277 1457 2323 poni

198 2335 248 2370 col
273 2335 329 2370 vel
354 2347 418 2370 cor.
461 2333 611 2370 -Oontra'
629 2335 737 2369 etiam
762 2335 942 2370 invenitur
966 2335 1142 2370 interdum
1169 2347 1230 2370 con
1256 2338 1338 2370 ante
1364 2336 1392 2380 b,
1412 2348 1456 2381 m,

192 2404 228 2440 p.
273 2392 454 2429 Interdum
482 2404 518 2429 oo
539 2405 627 2430 cum·
638 2393 752 2430 vocali
774 2395 942 2441 sequente
963 2392 1195 2429 contrahitur.
1240 2393 1297 2429 Ita
1319 2405 1457 2442 semper
