1835 2904
359 225 380 260 8
763 225 786 254 I.
822 225 875 256 DE
897 224 1224 257 ORTHOGRAPHIA.

357 315 525 361 analogia
536 315 681 361 scripsit
695 315 806 350 libros
825 314 989 362 quodque
1005 313 1173 350 Claudius
1190 314 1323 350 Caesar
1337 314 1475 361 aliquot
1489 315 1620 351 litteris

358 373 489 414 additis
510 373 609 409 auxit
628 373 869 409 litteraturam
889 373 1132 409 Romanorum
1153 373 1245 419 sive,
1270 374 1311 408 ut
1330 373 1438 419 vulgo
1459 364 1620 418 vocatur,

357 431 597 478 alphabetum.
630 423 634 427 ¹
742 418 750 435 ⁸

455 490 605 526 Saeculo
631 493 715 536 post
735 490 816 526 Chr.
837 503 871 525 n.
892 492 1009 537 primo
1035 504 1076 527 ac
1102 490 1253 526 secundo
1274 503 1407 537 magna
1432 490 1622 525 admodum

357 548 523 594 provenit
553 549 689 585 Romae
720 549 1035 598 grammaticorum
1065 550 1176 596 copia.
1226 549 1282 584 Ex
1312 548 1439 595 quibus
1469 547 1622 588 maxime

357 606 503 642 fuerunt
537 607 697 654 insignes
728 609 764 643 et
795 607 840 643 ad
871 608 1165 655 orthographiam
1199 607 1487 644 constituendam
1506 606 1623 642 -utiles

358 665 406 699 M.
433 665 600 700 Valerius
627 666 765 701 Probus
771 693 781 711 ‚
807 666 844 701 C.
864 666 1000 701 Plinius
1027 666 1222 709 Secundus,
1250 665 1445 701 Caesellius
1471 665 1624 710 Vindex,

359 722 503 769 Flavius
534 722 665 769 Caper,
695 723 818 760 Velius
848 723 1009 771 Longus,
1043 723 1229 759 Terentius
1261 722 1424 766 Scaurus.
1471 722 1550 759 rSed
1580 734 1623 758 ex

360 781 488 817 horum
515 782 642 817 studiis
669 785 811 828 praeter
836 795 892 829 ea,
924 794 1018 829 quae
1044 783 1282 828 posteriorum
1307 783 1623 829 grammaticorum

360 830 501 874 servata
532 842 617 875 sunt
647 841 756 886 curis,
791 840 881 875 nihil
916 841 1080 886 pervenit
1107 841 1153 876 ad
1185 837 1252 877 nos
1282 840 1353 876 nisi
1383 842 1548 886 excerpta
1581 852 1624 875 ex

361 896 469 944 Capri
501 898 645 944 scriptis
675 898 861 945 Longique
892 910 932 934 ac
963 898 1088 934 Scauri
1117 899 1230 934 libelli
1266 899 1408 945 singuli.
1458 898 1624 934 Ceterum

360 958 402 991 ut
432 968 473 991 ea
504 969 594 1003 quae
619 956 666 992 M.
693 956 833 992 Tullius
865 957 903 992 in
929 956 1078 992 Oratore
1112 957 1190 1002 [45,
1218 957 1411 1002 153—48,
1439 957 1540 1002 162],
1573 957 1625 992 ita

362 1026 451 1060 quae
473 1012 714 1056 Quintilianus
735 1015 847 1049 instit.
868 1016 959 1050 orat.
979 1014 1071 1049 libro
1087 1014 1105 1049 I
1127 1016 1217 1060 [cap.
1235 1015 1272 1059 7]
1299 1014 1341 1049 de
1367 1014 1625 1062 orthographia

361 1074 417 1109 sui
432 1074 603 1120 temporis
619 1073 745 1119 tradit,
760 1073 863 1109 utilia
878 1073 1068 1108 admodum
1084 1073 1241 1120 cognitu.
1275 1072 1465 1109 Praeterea
1480 1072 1626 1118 Gellius,
1654 1106 1657 1109 .
1725 1072 1727 1074 ’

361 1132 421 1177 qui
437 1132 559 1168 floruit
574 1131 839 1167 Antoninorum
854 1134 1024 1177 tempore,
1045 1134 1086 1166 ut
1106 1133 1161 1166 est
1176 1131 1284 1167 homo
1296 1132 1416 1168 va'riae
1432 1131 1625 1177 doctrinae,

361 1190 399 1225 in
425 1191 592 1226 noctibus
618 1190 749 1226 Atticis
775 1202 880 1236 saepe
906 1192 1040 1226 tractat
1063 1203 1120 1226 res
1147 1190 1453 1237 orthographicas,

461 1248 609 1284 Saeculo
635 1248 691 1284 III
716 1251 752 1284 et
777 1248 947 1293 proximis
978 1249 1162 1284 deficiente
1188 1248 1351 1284 doctrina
1375 1248 1520 1294 propria
1545 1259 1625 1283 cum

362 1307 586 1354 grammatici
602 1307 737 1354 paratis
749 1307 977 1353 antiquorum
993 1308 1176 1343 uterentur
1192 1307 1314 1353 copiis,
1331 1306 1483 1342 maxime
1498 1305 1625 1342 Varro-

363 1367 436 1412 nis,
469 1366 601 1411 Verrii,
636 1366 761 1410 Probi,
796 1365 920 1411 Plinii,
959 1364 1140 1411 Caesellii,
1176 1366 1337 1412 ingentia
1371 1366 1433 1401 illa
1468 1366 1626 1411 priorum

363 1422 544 1460 volumina
574 1424 612 1458 in
642 1424 785 1459 brevius
817 1424 980 1466 contrahi
1011 1425 1097 1459 sunt
1127 1425 1261 1469 coepta.
1313 1424 1370 1459 Ita
1402 1423 1542 1459 saeculo
1571 1422 1626 1458 ΙΙΙ

364 1495 385 1517 a
420 1482 591 1527 Pompeio
615 1480 734 1516 Festo
771 1481 889 1516 Verrii
929 1482 1011 1516 libri
1053 1482 1096 1516 de
1133 1482 1391 1527 significatione
1427 1482 1627 1524 verborum,

364 1539 470 1574 Plinii
497 1539 540 1575 de
566 1539 674 1575 dubio
701 1551 862 1574 sermone
889 1552 910 1574 a
935 1539 1028 1574 Iulio
1055 1539 1218 1575 Romano
1250 1541 1335 1574 sunt
1360 1538 1523 1585 excerpti.
1564 1537 1627 1574 Ce-

364 1601 480 1634 terum
506 1598 665 1644 plerique
692 1599 1007 1645 grammaticorum
1033 1601 1073 1634 ut
1099 1599 1199 1644 olim,
1224 1599 1277 1634 ita
1302 1600 1392 1634 tunc
1412 1610 1488 1633 rem
1508 1596 1626 1633 ortho-

364 1657 571 1703 graphicam
598 1656 713 1693 obiter
738 1657 855 1703 magis
881 1658 1080 1692 tractavere
1106 1668 1212 1703 quam
1238 1655 1392 1702 propriis
1418 1655 1528 1690 libris.

462 1715 665 1752 Utilissima
706 1717 790 1751 sunt
831 1715 876 1750 ad
917 1714 1210 1761 orthographiam
1251 1715 1530 1751 vetustissimam
1570 1726 1628 1751 co-

365 1775 619 1820 gnoscendam,
656 1787 746 1820 quae
772 1775 888 1810 medio
916 1786 1004 1809 saec.
1030 1774 1083 1810 IV
1114 1774 1249 1809 Marius
1275 1773 1483 1810 Victorinus
1512 1774 1628 1820 primo

364 1833 456 1869 libro
483 1832 571 1868 artis
598 1832 854 1879 grammaticae
880 1831 929 1879 (p.
951 1832 1047 1868 2456
1069 1844 1144 1878 sqq.
1165 1831 1220 1879 P.)
1240 1832 1399 1869 inseruit.
1439 1832 1629 1868 Praeterea

365 1892 479 1926 multa
515 1892 660 1938 cognitu
696 1892 805 1938 digna
840 1887 1068 1926 inveniuntur
1103 1891 1141 1925 in
1171 1891 1312 1936 scriptis
1343 1890 1510 1937 Charisii,
1545 1890 1628 1926 Dio-

365 1949 493 1994 medis,
519 1949 653 1984 Donati
674 1952 710 1984 et
731 1961 821 1995 quae
842 1949 908 1984 sub
928 1949 1037 1984 Probi
1057 1949 1201 1984 nomine
1222 1949 1394 1984 feruntur.
1433 1949 1488 1984 Ea
1509 1949 1629 1985 omnia

367 2008 475 2045 etiam
501 2008 632 2043 saeculi
658 2010 742 2043 sunt
767 2008 895 2054 quarti.

464 2066 520 2100 Ex
547 2066 678 2101 saeculi
699 2065 732 2100 V
759 2066 899 2111 scriptis
925 2066 1078 2101 maxime
1104 2065 1149 2101 ad
1174 2079 1260 2102 usus
1285 2066 1464 2112 pertinent
1488 2068 1630 2102 nostros

367 2124 542 2160 Prisciani
583 2123 832 2160 Caesareensis
877 2124 1142 2160 institutionum
1190 2124 1503 2171 grammaticarum
1547 2125 1630 2160 libri

366 2183 500 2220 XVIII.
541 2182 702 2228 Denique
727 2194 841 2227 paene
862 2182 899 2216 in
924 2173 1002 2227 ipso
1022 2182 1092 2217 fine
1112 2182 1314 2218 litterarum
1335 2181 1543 2218 Latinarum
1567 2196 1630 2229 po-

368 2242 457 2276 situs
479 2240 646 2276 Aurelius
667 2240 915 2276 Cassiodorius
936 2240 1029 2275 circa
1049 2252 1079 2276 a.
1100 2239 1198 2275 DLX
1219 2251 1262 2275 ex
1283 2240 1390 2276 variis
1411 2240 1629 2277 diversorum

367 2300 481 2347 pretio
508 2301 692 2335 auctorum
720 2298 863 2345 scriptis
889 2298 1057 2335 conflavit
1076 2299 1206 2335 librum
1232 2298 1275 2341 de
1301 2299 1567 2347 orthographia.

464 2360 654 2394 Praeterea
668 2371 740 2394 non
758 2362 814 2393 est
829 2358 923 2403 quod
940 2358 1069 2404 dicam,
1089 2360 1233 2403 praeter
1248 2370 1308 2393 eos
1330 2370 1419 2404 quos
1435 2361 1630 2396 memoravi

367 2418 476 2454 etiam
507 2417 543 2453 in
580 2417 730 2453 aliorum
761 2417 1076 2464 grammaticorum
1110 2416 1252 2463 scriptis
1289 2416 1439 2453 subinde
1473 2418 1630 2465 reperiri,
