1835 2904
364 244 412 280 30
730 242 768 275 11.
799 242 853 275 118
874 239 1078 276 PaosomA
1097 238 1259 276 LATINA.

463 332 686 379 Paroxytmw
711 337 796 369 sunt
822 335 943 370 omnia
968 335 1141 370 vocabula
1172 334 1367 381 dissyllaba
1391 345 1542 381 quorum
1568 331 1630 370 aut

364 393 491 428 ultima
515 393 623 439 longa
653 396 716 428 aut
744 393 967 439 paenultima
991 393 1109 428 brevis
1136 393 1190 428 vel
1214 393 1394 439 positione
1425 394 1535 440 longa
1566 395 1630 439 est,

364 453 405 486 ut
429 452 502 494 uni,
523 463 626 494 meus,
647 452 783 494 multus,
805 454 842 487 et
855 453 936 498 plus
953 464 1060 499 quam
1077 451 1263 498 disyllaba,
1284 464 1435 498 quorum
1455 452 1631 498 paenulti-

364 523 424 549 ma
449 513 512 546 aut
536 512 664 546 natura
688 511 799 558 longa
825 513 880 547 est
905 512 968 547 aut
992 510 1171 558 positione
1192 509 1280 558 (nisi
1300 522 1343 546 ea
1363 511 1411 546 sit
1430 512 1530 547 muta
1550 523 1631 547 cum

337 569 500 615 ·liquida
529 572 670 615 praeter
705 570 784 617 qn),
815 571 971 616 exceptis
1003 571 1055 605 eis
1085 582 1174 616 quae
1206 570 1338 606 debent
1367 582 1445 606 esse
1475 570 1631 617 properi-

366 639 548 674 spomena‚
574 631 616 663 ut
640 628 816 672 immanes,
841 630 999 672 incertus,
1023 629 1195 674 impu'yno.

463 686 747 732 Pmparooeytona
773 689 858 723 sunt
878 687 1052 723 vocabula
1072 687 1153 733 plus
1175 699 1283 734 quam
1303 687 1481 733 disyllaba
1502 686 1632 732 omnia,

365 756 454 790 quae
479 745 615 780 habent
640 745 783 781 brevem
808 746 1065 791 paenultimam
1090 748 1153 780 aut
1182 757 1254 780 una
1279 747 1446 791 sequente
1472 754 1631 780 consona

365 805 428 838 aut
453 805 554 838 muta
580 816 658 839 cum
683 803 819 850 liquida
843 806 985 850 praeter
1005 815 1064 849 yn,
1089 806 1130 839 ut
1154 803 1337 847 maximus,
1363 803 1523 839 te'nebrae.

464 861 613 897 Gravem
645 862 780 898 habent
817 863 1069 909 monosyllaba
1106 863 1320 908 pronomina
1350 864 1491 909 praete-r
1522 862 1629 897 inter-

365 920 529 967 rogativa
554 921 628 965 qui,
653 922 744 966 quis,
769 921 1064 967 praepositiones,
1091 921 1370 967 coniunctiones,
1396 921 1544 966 denique
1570 920 1629 955 ad-

364 979 487 1014 verbia
512 979 748 1015 usitatissima
769 991 939 1026 quaeque,
965 980 1119 1015 maxime
1145 992 1187 1015 ea
1207 992 1297 1026 quae
1318 992 1340 1014 a
1358 975 1630 1025 pronominibus
1668 986 1672 987 ⁷

364 1038 598 1083 descendunt,
628 1039 670 1072 ut
698 1038 772 1080 hoc,
802 1039 848 1080 is,
880 1039 931 1080 id,
961 1039 1022 1082 qui
1046 1037 1193 1085 (relat),
1228 1039 1285 1080 ab,
1315 1039 1375 1080 ad,
1405 1038 1458 1080 in,
1490 1040 1534 1081 et,
1560 1040 1630 1080 aut,

363 1099 413 1138 at,
439 1096 502 1138 vel,
528 1096 595 1138 hic,
621 1096 698 1138 huc,
724 1096 817 1138 hinc,
842 1096 949 1138 haud,
975 1107 1058 1138 non,
1085 1099 1171 1138 tum,
1196 1097 1287 1138 iam,·
1317 1098 1501 1141 praeterea
1523 1099 1630 1140 atque,

364 1154 505 1200 quando
532 1154 649 1189 finalis
671 1154 823 1189 eliditur.
871 1154 1064 1197 Adverbia,
1090 1155 1208 1189 minus
1229 1154 1365 1189 usitata
1390 1156 1431 1189 ut
1454 1155 1548 1197 moin,
1572 1155 1632 1189 vix

362 1212 494 1248 habere
526 1224 671 1259 gravem
703 1212 823 1258 potius
849 1224 955 1258 quam
980 1214 1125 1247 acutum
1151 1225 1224 1248 non
1249 1215 1370 1259 potest
1394 1212 1630 1258 comprobari.

463 1271 705 1315 Perispomena
739 1273 821 1305 sunt
844 1271 960 1305 omnia
989 1271 1221 1316 monosyllaba
1254 1273 1382 1305 natura
1412 1271 1512 1316 longa
1545 1282 1631 1315 quae

358 1332 503 1373 possunt
526 1329 614 1373 flecti
639 1332 678 1364 ut
701 1330 786 1371 mas,
814 1329 889 1371 loix,
915 1330 966 1371 68,
992 1329 1076 1371 oris,
1101 1329 1157 1371 dc,
1182 1331 1243 1365 εέό.

461 1387 766 1431 Propem'spomena
779 1390 861 1421 sunt
873 1387 956 1430 plus
975 1398 1079 1430 quam
1099 1388 1344 1432 monosyllaba,
1365 1399 1509 1430 qaorum
1527 1388 1629 1430 prior

325 1488 332 1493 -
358 1445 575 1489 paenultima
589 1447 717 1479 natura
732 1447 794 1479 aut
807 1445 922 1488 utique
940 1444 1221 1489 pronuntiatione
1241 1445 1356 1489 lonya,
1380 1445 1504 1479 ultima
1524 1444 1630 1479 brevis

364 1506 413 1538 est
438 1505 501 1538 aut
520 1503 643 1548 etiam,
669 1505 709 1539 ut
728 1505 834 1548 puto,
861 1503 891 1538 si
911 1502 999 1538 haec
1021 1503 1068 1538 sit
1089 1503 1263 1548 producta
1282 1504 1490 1549 insequente
1506 1503 1556 1546 bs,
1575 1514 1630 1548 ps,

364 1572 416 1602 rs,
442 1572 480 1603 x,
513 1561 573 1595 sed
599 1560 893 1605 pronuntiatione
918 1561 1051 1605 brevis,
1082 1561 1123 1594 ut
1147 1560 1282 1603 Caesar,
1312 1562 1417 1603 anus,
1442 1560 1630 1603 Romanus,

368 1622 501 1661 vinum,
527 1620 657 1662 cdnsul,
683 1619 821 1662 caelebs,
847 1621 996 1662 consors,
1014 1619 1147 1664 paelex.

940 1727 971 1769 ἓ.
1001 1726 1055 1760 19.

463 1793 609 1829 Nullum
633 1793 772 1829 verbam
797 1794 945 1830 latinum
969 1793 1067 1829 habet
1089 1793 1172 1838 plus
1196 1805 1299 1838 quam
1324 1805 1433 1828 unum
1458 1795 1630 1828 accentum

360 1853 603 1897 principalem,
629 1853 702 1887 sive
723 1853 753 1886 is
775 1854 900 1887 acutus
921 1852 1031 1886 fuerit
1052 1852 1125 1886 sive
1147 1852 1265 1897 gravis
1283 1852 1356 1886 sive
1378 1851 1629 1886 circumflexus.

462 1910 575 1946 Fuere
599 1911 660 1957 qui
682 1910 839 1946 dicerent
854 1910 892 1945 in
907 1910 1126 1955 compositis,
1150 1921 1239 1956 quae
1261 1909 1477 1945 descenth
1498 1921 1520 1944 a
1537 1909 1629 1953 facio

366 1972 506 2005 servata
538 1982 574 2012 a,
605 1971 745 2016 praeter
775 1969 940 2015 supinum
979 1970 1014 2004 et
1044 1981 1134 2015 quae
1165 1968 1210 2004 ab
1242 1980 1283 2003 eo
1314 1968 1462 2003 veniunt
1491 1967 1629 2003 duobus

367 2029 571 2064 accentibus
597 2041 680 2063 usos
707 2028 901 2073 Romanos,
926 2029 967 2062 ut
992 2028 1149 2062 dicerent
1174 2027 1362 2072 ‹fb-stupefit,
1387 2025 1629 2070 edndefdciam,

366 2087 467 2132 quasi
487 2088 639 2122 discretis
655 2087 824 2132 partibus.
867 2085 935 2121 Sed
957 2086 1070 2121 multo
1087 2085 1308 2131 proba-bilius
1325 2086 1379 2119 est
1395 2084 1505 2119 etiam
1520 2084 1558 2119 in
1572 2084 1629 2119 his

369 2145 511 2179 solitum
538 2146 722 2179 accentum
744 2156 819 2178 esse
835 2143 1047 2178 servandum
1073 2135 1446 2188 pronuntiandumque
1466 2142 1629 2185 cale‘facit,

366 2202 497 2247 liquefit
524 2203 580 2237 vel
607 2197 738 2247 liquefit
757 2202 833 2237 sim.
879 2201 974 2237 Nam
995 2202 1025 2236 si
1047 2201 1151 2236 aliter
1170 2212 1226 2235 res
1247 2200 1407 2246 haberet,
1428 2200 1487 2235 vix
1508 2202 1630 2246 posset

365 2260 544 2306 explicari,
566 2272 628 2295 cur
643 2259 750 2295 tmesi
770 2259 809 2294 in
833 2259 890 2294 his
912 2259 1029 2294 verbis
1050 2261 1124 2294 tam
1144 2271 1226 2294 raro
1247 2260 1283 2294 et
1303 2258 1494 2294 deteriores
1515 2258 1629 2295 solum

368 2321 531 2354 auctores
557 2319 613 2353 usi
635 2319 721 2361 sint,
748 2320 785 2353 et
805 2318 865 2364 qui
877 2318 1046 2363 ''potuerit
1066 2329 1222 2364 syncope
1245 2317 1331 2364 fieri,
1351 2317 1444 2352 utin
1459 2317 1630 2360 calfacere,

364 2379 515 2422 olfacere.

463 2435 597 2473 Verum
629 2448 670 2471 ex
695 2436 846 2472 elisionis
870 2435 1060 2472 rationibus
1086 2437 1232 2482 apparet
1260 2434 1359 2470 verba
1389 2436 1546 2479 quattuor
1570 2435 1633 2469 aut
