1835 2904
361 239 410 273 34
733 240 770 270 11.
806 240 859 269 DE
880 240 1082 270 PROSODIA
1102 240 1265 270 LATINA.

362 327 490 362 cabula
530 329 681 373 possunt
721 328 865 363 finalem
902 329 1078 374 corripere
1119 328 1217 374 (marm
1253 304 1484 373 monosyllaba
1523 328 1624 373 loma

362 386 489 430 compi
512 397 582 420 non
608 385 717 432 licet),
743 386 795 421 ita
820 388 954 432 tamen,
984 389 1026 421 ut
1049 386 1087 421 in
1113 387 1210 423 culto
1235 397 1397 422 sermone
1421 386 1458 421 id
1482 388 1623 422 tantum

360 444 424 478 fiat
448 444 486 478 in
512 444 578 489 eis,
609 455 699 490 quae
726 446 857 480 exeunt
886 445 925 480 111
950 444 1119 481 vocalem.
1169 444 1256 497 Inde
1280 435 1456 516 paulatim
1482 444 1526 480 ad
1553 434 1625 481 alia

363 502 537 537 vocabula
561 502 663 537 fluxit
688 503 865 548 correptio
891 503 1060 539 finalium.

934 601 967 643 ἓ.
993 600 1050 634 23.

859 674 914 704 De
939 673 1124 704 finalibus.

447 732 602 770 ¹Dictum
633 735 677 770 de
708 747 873 771 mensura
904 736 1063 771 finalium
1090 736 1184 781 apucl
1215 737 1339 781 poetas
1370 711 1569 788 dactylicos!
1589 735 1624 769 d.

361 807 388 829 r.
413 807 460 829 m.
487 794 709 841 324—3313
740 794 863 830 333—
874 794 956 830 344.
1566 791 1569 793 ’

715 897 769 927 De
795 897 971 927 finalibus
995 897 1276 944 monosyllabis.

459 958 709 1005 Monosyllaba
744 959 782 994 111
818 960 975 995 vocalem
1017 960 1182 995 exeuntia
1218 951 1301 998 sunt
1341 959 1451 1006 longa
1483 960 1626 1004 praeter
1664 952 1667 954 ’
1710 945 1715 950 '

363 1017 545 1052 encliticas
576 1017 652 1062 ([1ιὲ,
683 1030 735 1063 ve,
764 1018 822 1063 νιὲ,
854 1017 888 1052 σέ
914 1017 1051 1063 (hosce),
1075 1018 1149 1063 pte,
1181 1017 1341 1064 (suopte),
1367 1017 1397 1052 t&
1423 1015 1533 1065 (tute,
1551 1028 1635 1060 non-

360 1073 435 1121 tete)
462 1077 498 1109 et
522 1087 625 1120 pron.
650 1075 757 1110 indef.
782 1076 934 1110 formam
964 1076 1051 1110 item
1076 1076 1276 1111 encliticam
1306 1076 1373 1120 qud
1398 1076 1509 1122 (nom.
1522 1075 1626 1132 -fem.,

361 1146 458 1169 nom.
485 1146 555 1170 acc.
580 1133 720 1180 neutr..)

458 1192 711 1243 Monosyllaba
741 1193 779 1228 in
806 1204 1000 1229 consonam
1032 1194 1201 1229 exeuntia
1228 1185 1459 1235 substantiva
1477 1193 1533 1228 vel
1566 1192 1624 1227 ad-

361 1251 490 1286 iectiva
514 1251 552 1286 in
577 1252 797 1288 nominativo
823 1254 908 1288 sunt
932 1242 1005 1288 fere
1031 1253 1154 1299 longa,
1186 1254 1227 1287 ut
1251 1258 1286 1287 ὃς
1298 1251 1427 1299 (oris),
1451 1262 1527 1297 με,
1547 1263 1626 1296 par,

356 1311 452 1356 plus,
482 1313 623 1355 praeter
653 1312 717 1356 οὖν,
744 1310 808 1357 fel,
838 1311 918 1356 mel,
944 1311 979 1347 ὅε
1003 1309 1119 1358 (ossis)
1155 1332 1197 1336 —
1231 1313 1272 1346 ut
1303 1310 1536 1347 demonstrat
1551 1321 1627 1346 exos

367 1388 408 1393 —
437 1369 500 1413 vir,
526 1369 679 1403 fortasse
706 1369 814 1404 etiam
840 1369 901 1404 lde.

464 1426 561 1468 Quae
587 1439 660 1462 non
686 1430 769 1462 sunt
794 1428 1036 1470 substantiva,
1067 1427 1128 1462 sed
1162 1427 1374 1473 pronomina
1400 1427 1456 1462 vel
1483 1426 1623 1462 indecli-

361 1472 496 1520 nabilia
521 1486 727 1531 plerumque
753 1486 993 1531 corripiuntur
1012 1489 1053 1521 ut
1075 1488 1124 1531 ἵε,
1148 1498 1240 1531 qums,
1265 1486 1365 1531 quod,
1389 1486 1487 1530 qu‘id,
1512 1485 1556 1531 et,
1582 1485 1626 1529 dt,

362 1544 419 1589 lib,
445 1555 494 1579 m.

461 1600 586 1648 Longa
616 1605 737 1637 tamen
769 1603 938 1637 adverbia
965 1603 1005 1639 in
1031 1614 1048 1637 c
1073 1603 1237 1637 exeuntia
1267 1615 1332 1638 nec
1362 1603 1479 1637 minus
1509 1609 1548 1638 ᾶε
1578 1601 1626 1649 (d.

364 1673 391 1695 r.
417 1673 462 1695 m.
489 1659 577 1706 344)
603 1662 638 1693 et
663 1667 718 1706 ἔνι,
743 1666 826 1703 ἤδη,
852 1667 952 1705 quin,
976 1667 1045 1706 sin,
1069 1667 1158 1706 orcis,
1183 1667 1256 1695 σᾶν.

461 1718 532 1754 Hic
558 1718 669 1766 (nom.
691 1717 797 1767 sing.)
818 1719 1039 1766 plerumque,
1064 1718 1125 1754 hoc
1144 1717 1254 1766 (nom.
1275 1720 1310 1754 et
1331 1717 1461 1766 aecus.)
1487 1730 1626 1765 semper

367 1780 450 1813 sunt
475 1779 585 1823 longa
609 1778 738 1823 vocali,
768 1780 809 1812 ut
834 1780 870 1812 81,
901 1778 1045 1814 ablativi
1070 1778 1142 1823 heo,
1171 1778 1252 1820 We:
1283 1778 1393 1824 longa
1423 1778 1530 1813 etiam
1561 1779 1625 1822 die,

367 1837 445 1881 ᾱτῖο,
472 1836 533 1871 sed
558 1836 656 1871 brevi
678 1836 750 1881 fiio,
773 1836 839 1880 fiir.

466 1895 638 1940 Alioquin
668 1895 706 1930 in
731 1895 897 1930 finalibus
929 1895 1071 1930 eaedem
1102 1896 1335 1931 observantur
1365 1895 1461 1941 leges
1487 1881 1627 1940 quanti-

364 1955 491 1995 tatum,
518 1964 607 1997 quae
632 1953 670 1987 in
696 1953 885 1998 plusquam
905 1954 1173 1999 monosyllabis.

940 2052 971 2093 g.
997 2051 1054 2085 24.

600 2134 655 2163 De
685 2133 861 2163 finalibus
885 2132 1088 2170 plusquam
1113 2133 1391 2170 monosyllabis.

625 2196 654 2226 Ι.
686 2195 735 2224 De
756 2194 914 2225 finalibus
936 2195 971 2225 in
991 2195 1139 2225 vocalem
1160 2196 1371 2227 exeuntibus.

732 2254 777 2283 De
799 2263 818 2282 a
837 2254 922 2283 finali
944 2254 985 2291 [d.
1006 2264 1030 2284 r.
1051 2264 1090 2284 m.
1113 2257 1180 2290 340,
1201 2254 1263 2293 41].

466 2315 501 2349 A
527 2314 646 2349 brevis
678 2316 732 2348 est
763 2315 904 2359 praeter
933 2314 1040 2348 ablat.
1069 2314 1196 2360 singul.
1222 2314 1324 2359 prim.
1354 2314 1439 2348 decl.
1469 2315 1505 2348 et
1535 2313 1627 2348 mod.

366 2373 531 2418 imperat.
562 2373 665 2417 prim.
697 2372 846 2417 coniug.,
881 2374 922 2407 ut
953 2373 1024 2417 vid,
1056 2379 1145 2407 αφηᾶ.
1194 2372 1382 2417 Excipitur
1415 2371 1502 2406 illud
1531 2372 1628 2417 putd,

366 2430 510 2477 quando
537 2430 630 2464 idem
658 2432 712 2465 est
737 2430 832 2476 quod
847 2430 1031 2466 Rossieum
1056 2420 1254 2475 nafflmjdr,
1275 2429 1525 2464 Germanicum
1549 2440 1628 2465 zum
