1835 2904
350 231 375 265 4

351 322 455 356 etia-m
476 321 691 363 Caesarissst
708 320 860 365 Amasti
884 308 1077 366 aeilualium
1101 323 1287 367 spectentur
1303 321 1455 367 placita‚·
1480 320 1519 356 in
1534 331 1617 366 pro-

353 381 450 416 sodia
476 392 576 417 usum
601 380 661 424 qui
684 371 833 422 bptinuit
856 392 880 415 a
904 380 1062 415 Lucretio
1089 380 1299 425 Veryilioqeae
1323 391 1427 425 usque
1451 380 1499 415 ad
1521 379 1617 415 Iuve—
1661 404 1667 408 -

350 439 473 485 nalem,
493 440 554 482 ita,
574 441 614 473 ut
626 438 820 483 plurimum
835 438 1027 483 deferamus
1046 438 1195 484 Auyusl'c'
1214 431 1411 484 aeqmilvhus
1424 440 1458 473 et
1469 437 1627 473 maxime·

351 499 485 542 quidem
509 498 737 543 respiciantur
762 501 914 534 auctores
937 498 1130 534 scholarum
1153 509 1219 533 usu
1240 497 1455 542 frequentati.

448 556 491 590 In
524 556 783 602 orthographia
813 556 1064 591 constituenda
1095 556 1162 591 etsi
1192 556 1344 590 multum
1368 567 1436 591 nos
1461 555 1616 590 tribuere

351 626 416 660 par
442 616 520 648 erat
539 614 857 660 grammaticorum
883 615 1227 661 inscriptionumque
1254 616 1290 649 et
1313 614 1485 649 librorum
1506 625 1616 648 manu

352 673 565 718 scriptorum
595 673 826 719 testimoniis,
865 673 945 719 plus
981 676 1117 720 tamen,
1151 675 1193 709 ut
1226 674 1396 720 solemus,
1425 672 1616 708 tribuimus

350 730 501 777 rationi,
542 731 602 766 vix
638 744 808 778 umquam
843 734 885 767 ut
916 732 1244 767 commendaremus
1281 731 1474 777 scripturas
1514 730 1616 766 tales,

352 801 440 835 quas
468 801 489 824 a
514 790 773 835 pronuntiandi
798 802 897 826 more
923 791 1059 826 alienas
1083 790 1193 826 fuisse
1214 792 1403 826 constaret.
1449 789 1615 825 Ceterum

350 849 388 883 in
418 848 487 883 hac
518 849 654 894 opellae
689 851 792 895 parte
822 851 964 895 praeter
992 851 1136 885 nostras
1167 849 1287 895 copias
1318 849 1375 884 usi
1406 852 1541 893 sumus,
1576 848 1617 881 ut

351 919 419 952 par
444 909 537 953 erat,
563 907 848 954 Lachmanni*)‚
878 907 1151 955 Ritschelii**)‚
1182 907 1360 943 Corssenii
1370 905 1461 953 ***)‚
1491 905 1615 940 Bram-

353 965 473 1000 bachii
481 965 535 1012 †)‚
562 966 715 1001 aliorum
746 966 902 1012 scriptis:
939 966 1077 1013 reliqua
1107 966 1252 1012 proprio
1281 965 1411 1012 Marte,
1441 966 1482 999 ut
1507 964 1618 1009 aiunt,

352 1025 538 1072 gessimus.
581 1025 659 1067 Qua
684 1025 826 1071 quidem
846 1025 886 1060 in
906 1037 944 1060 re
969 1025 1213 1072 gratissimum
1233 1024 1322 1059 mihi
1347 1023 1482 1076 evenit,
1507 1024 1549 1058 ut
1574 1022 1616 1058 de

351 1087 499 1128 accentu
525 1083 654 1118 Latino
681 1085 897 1119 sententiam
928 1084 1036 1119 animi
1070 1084 1293 1130 apertissime
1327 1094 1469 1128 possem
1502 1081 1615 1127 expri-

350 1155 462 1188 mere,
504 1142 546 1176 de
578 1154 647 1188 quo
674 1144 710 1176 et
735 1141 821 1176 olim
847 1143 884 1176 et
907 1154 1021 1188 nuper
1051 1142 1157 1177 multi
1186 1141 1389 1176 iudicarunt
1419 1141 1613 1186 perperam,

351 1203 459 1246 utque
491 1211 628 1235 errores
664 1199 911 1246 prosodiaeos,
948 1201 1007 1246 qui
1043 1200 1187 1246 plurimi
1219 1200 1380 1235 feruntur
1408 1199 1446 1233 in
1482 1197 1616 1243 lexicis,

350 1260 473 1293 liceret
498 1258 685 1305 porrigere.

429 1345 455 1373 D
462 1354 481 1373 a.
488 1345 516 1373 b.
538 1344 562 1373 P
569 1353 585 1373 e
594 1345 608 1372 t
614 1353 652 1373 ro
659 1353 679 1381 p
686 1343 752 1382 oli,
774 1343 841 1373 Kal.
863 1344 951 1374 Febr.
973 1345 1008 1374 A.
1032 1343 1330 1377 MDCCCLXXVIII.

469 1501 497 1538 *)
518 1500 816 1542 Commentariusftn
835 1501 1021 1531 Lucretium.
1063 1500 1199 1531 Berolini
1221 1504 1304 1531 1850.

453 1549 498 1587 **)
521 1549 677 1587 Opuseula
696 1549 901 1587 philologius,
921 1559 951 1586 p.
972 1550 1010 1578 II.
1049 1549 1173 1587 Lipsiae
1194 1552 1280 1579 1868.
1495 1567 1502 1577 κ

430 1597 494 1635 ***)
515 1598 616 1627 Ueber
632 1598 841 1635 Ausemaohe,
862 1597 1055 1627 Voealismus
1075 1597 1138 1626 und
1152 1597 1316 1635 Betonung
1335 1597 1390 1627 der
1409 1595 1614 1630 lateinischen

352 1647 496 1684 Sprache.
538 1647 568 1675 II
589 1648 668 1684 part.
710 1646 765 1677 Ed.
786 1647 840 1676 alt.
881 1647 964 1684 Lips.
988 1650 1072 1676 1868.
1100 1650 1180 1676 1870.
1215 1646 1358 1684 Beitrfige
1377 1657 1431 1676 zur
1449 1646 1613 1684 italisehen

353 1695 584 1734 Sprachkunde.
626 1695 708 1733 Lips.
732 1698 816 1725 1876.

439 1746 470 1781 †)
506 1744 563 1774 Die
594 1744 843 1783 Neugestaltung
878 1745 934 1774 der
968 1744 1172 1774 lateinischen
1203 1744 1439 1782 Orthographie.
1490 1744 1613 1782 Lipsiae

339 1787 436 1824 1868.
455 1811 491 1815 —
509 1793 745 1829 Hfilfsbfichlein
760 1793 810 1823 fx'ir
824 1793 1007 1823 lateinische
1022 1793 1316 1832 Rechtschreibung.
1352 1793 1408 1823 Ed.
1425 1792 1479 1823 alt.
1490 1792 1614 1829 Lipsiae

351 1845 436 1871 1876.
