1835 2904
367 245 411 287 18
540 247 548 254 ·
765 245 787 282 1.
819 245 872 282 Du
895 244 1226 301 ou'rnooRAPmA.

465 340 536 376 Pro
561 353 619 386 uu,
644 352 689 375 vu
715 341 760 376 ad
786 340 968 376 Ciceronis
992 352 1104 386 usque
1129 342 1284 376 aetatem
1310 335 1478 376 dicebant
1503 337 1633 376 scribe·
1680 384 1686 388 ‘

366 399 522 447 bantque
543 411 596 444 uo,
621 411 670 443 vo,
696 401 737 435 ut
758 400 945 445 adsiduam,
964 410 1102 447 servom,
1121 399 1246 446 volyus,
1270 410 1397 445 equom,
1436 398 1487 435 Et
1505 409 1546 435 vo
1566 409 1631 446 pro

366 471 412 494 vu
435 461 578 505 praeter
603 459 729 494 finales
754 470 800 494 ne
825 459 941 505 primo
973 459 1115 505 quidem
1141 471 1174 504 p.
1197 457 1280 493 Chr.
1305 459 1448 493 saeculo
1479 457 1549 493 fuit
1579 458 1635 492 in-

368 517 544 564 frequens.
590 517 643 552 Ac
668 517 821 552 maxime
848 517 991 564 quidem
1017 517 1185 564 antiquus
1211 528 1288 552 mos
1315 515 1492 552 scribendi
1512 515 1550 550 in
1571 527 1632 550 no-

367 575 522 609 minibus
548 575 682 609 mansit
706 576 870 621 propriis,
895 577 936 610 ut
962 576 1054 610 solet
1078 576 1163 610 fieri.

354 623 356 625 ‚
463 632 533 667 Pro
553 644 624 677 quu
648 633 758 667 etiam
784 633 930 678 ponitur
955 644 1006 674 cu,
1031 635 1073 667 ut
1097 644 1199 668 ecum.
1238 633 1297 667 Ita
1317 644 1456 677 semper
1476 642 1572 673 cum‚·
1598 633 1635 666 et

367 691 406 725 in
431 691 550 726 verbis
576 691 743 726 scribitur
763 691 889 726 melius
910 691 1087 734 relincunt,
1112 694 1279 734 secuntur,
1305 691 1470 736 locuntur,
1493 692 1633 735 secutus,
1685 709 1690 713 -

370 749 508 785 locutus.

464 807 582 854 Magis
615 808 711 843 omni
744 810 905 854 tempore
930 808 1139 853 placuerunt
1163 807 1335 844 Romanis
1361 808 1546 843 iuncturae
1571 819 1632 843 vo·

367 866 497 901 calium
516 867 598 902 hac:
623 867 671 913 iu,
689 867 743 912 ju,
768 868 816 909 ui,
841 868 885 910 vi,
904 867 945 913 ie,
957 867 1004 912 ιφἐ,
1025 879 1074 910 ue,
1097 879 1135 902 ve
1155 869 1192 902 et
1210 867 1363 902 maxime
1383 878 1432 913 ea,
1455 867 1497 909 ei,
1518 878 1563 909 eo,
1584 878 1634 909 eu,

366 925 413 968 ia,
437 926 480 968 io,
498 926 552 971 ja,
570 926 620 970 jo,
644 937 701 969 ua,
725 937 779 968 uo,
803 937 856 969 va,
881 937 930 961 vo.

466 983 632 1019 Ceterum
659 985 702 1019 cf.
724 996 851 1018 summ.
872 984 924 1019 rei
949 985 1116 1020 metricae
1142 986 1164 1028 ξ
1186 985 1232 1019 27
1259 997 1292 1030 p.
1313 985 1370 1020 55.

464 1042 584 1087 Mayis
608 1043 710 1077 eliam
735 1054 839 1087 quam
868 1043 907 1077 iri
931 1043 1026 1077 verbo
1050 1043 1198 1087 simplici
1227 1044 1266 1077 iu
1291 1043 1403 1077 media
1420 1046 1523 1087 parte
1547 1054 1632 1078 com-

363 1101 555 1145 positorum
585 1104 634 1136 est
662 1102 819 1136 molestus
850 1101 965 1136 hiatus
995 1102 1162 1136 vocalium
1194 1102 1478 1144 concurrentium,
1511 1102 1568 1137 sed
1596 1104 1636 1136 ul

367 1160 473 1194 isdem
503 1159 609 1204 plane
645 1160 771 1205 leyibus
804 1160 882 1195 soni
917 1162 1114 1204 temperetur
1148 1162 1248 1204 atque
1282 1161 1320 1194 in
1349 1160 1445 1194 verbo
1477 1160 1635 1204 simplici.

373 1217 473 1253 Unde
493 1218 538 1253 ad
559 1230 640 1253 eum
661 1218 858 1253 tollendum
873 1218 1029 1254 Romani
1044 1230 1213 1264 persaepe
1229 1219 1285 1253 usi
1301 1220 1384 1254 sunt
1399 1220 1462 1253 aut
1476 1218 1636 1268 ecthlipsi,

368 1278 409 1311 ut
434 1276 599 1311 dixerunt
624 1277 821 1318 unanimus,
847 1276 1024 1322 semhomo‚
1049 1277 1240 1322 sesqualter,
1266 1277 1387 1321 Μᾶρκε
1410 1288 1475 1321 pro
1496 1276 1635 1311 uniani-

369 1345 455 1376 mus,
476 1334 666 1377 semihomo,
686 1335 892 1379 sesquialter,
918 1335 1060 1379 biiuyus,
1087 1336 1150 1369 aut
1169 1335 1403 1377 contractione,
1424 1335 1522 1369 velut
1541 1334 1637 1379 bique

369 1405 434 1439 pro
461 1392 603 1438 biiuyae,
629 1395 692 1428 aut
710 1394 864 1439 synizesi,
890 1395 930 1429 ut
949 1382 1068 1431 deiude
1093 1405 1159 1440 pro
1185 1393 1311 1429 deinde.

470 1451 638 1487 Omnium
665 1451 939 1487 molestissimus
966 1454 1022 1487 est
1050 1453 1217 1488 vocalium
1242 1453 1281 1488 iu
1304 1453 1373 1497 fine
1391 1452 1523 1497 prioris
1546 1452 1637 1487 verbi

369 1513 402 1544 et
425 1510 525 1545 initio
559 1512 724 1555 sequentis
756 1522 953 1553 coucursus;
991 1511 1051 1557 qui
1084 1511 1145 1545 ubi
1168 1510 1238 1554 fit„
1253 1510 1468 1556 praecedens
1501 1510 1635 1546 vocalis

369 1569 564 1614 liquefacta
586 1570 815 1615 coniungitur
837 1569 1094 1615 quadamtenus
1116 1581 1195 1603 cum
1216 1569 1436 1615 insequente,
1455 1570 1496 1603 ut
1516 1570 1636 1603 tamen

372 1639 445 1662 non
471 1627 616 1662 omnino
643 1628 820 1663 eximatur
845 1640 887 1662 ex
913 1629 1028 1662 metro
1054 1629 1195 1673 praeter
1215 1627 1398 1662 encliticas
1423 1638 1494 1672 que,
1519 1638 1565 1672 ve,
1585 1616 1637 1662 rie.

469 1685 605 1720 Durior
629 1697 810 1721 concursus
834 1687 1016 1731 vocalium,
1046 1686 1079 1720 si
1102 1686 1152 1721 vel
1175 1686 1294 1730 finalis
1319 1686 1365 1720 sit
1389 1686 1489 1730 lonya
1513 1688 1575 1720 aut
1598 1686 1637 1719 in

371 1741 431 1777 ‘m'
447 1744 560 1778 exieris
574 1743 625 1779 vel
640 1744 785 1779 initialis
800 1746 936 1779 accentu
951 1746 1069 1779 notata
1083 1744 1152 1779 sive
1169 1743 1285 1789 brevis,
1299 1744 1446 1787 facilior,
1461 1744 1492 1778 si
1507 1744 1637 1778 eaedem

370 1813 453 1836 sorio
478 1805 542 1836 aut
565 1805 649 1837 certe
673 1803 861 1846 quantitate
886 1805 1002 1838 coeant
1026 1802 1161 1837 vocales.

469 1859 623 1895 Omnino
650 1860 865 1895 conferenda
890 1873 941 1904 ea,
969 1872 1059 1906 quae
1085 1860 1128 1894 de
1148 1860 1322 1895 vocalium
1345 1872 1519 1895 concursu
1540 1859 1633 1894 dicta

372 1920 457 1953 sunt
481 1930 565 1965 pgg.
587 1918 731 1955 53—66
759 1919 942 1954 summarii
968 1919 1135 1954 metricae
1161 1918 1321 1954 Latinae.

470 1976 634 2011 Ceterum
661 1989 730 2022 quo
756 1978 899 2024 longius
927 1979 1042 2012 aetate
1067 1977 1251 2023 progressi
1277 1978 1362 2012 sunt
1387 1988 1502 2011 sermo
1529 1976 1636 2011 Grae-

373 2046 433 2069 cus
461 2036 497 2068 et
516 2034 678 2081 Latinus,
704 2048 745 2070 eo
766 2037 881 2082 magis
902 2036 1022 2070 hiatus
1043 2035 1220 2070 vocalium
1242 2035 1528 2070 concurrentium
1547 2034 1635 2069 facti

373 2095 458 2127 sunt
482 2093 672 2138 patientes,
698 2094 843 2138 perinde
870 2096 976 2139 atque
1002 2094 1040 2128 in
1066 2093 1200 2139 linguis
1225 2093 1426 2128 recentibus
1453 2093 1528 2127 eius
1553 2104 1637 2127 cura

371 2152 578 2198 plerumque
603 2150 784 2187 invenitur
809 2151 1011 2197 perexigua.

951 2251 983 2294 ἓ.
1006 2250 1060 2285 13.

735 2322 790 2354 De
815 2330 980 2361 syncope
1007 2324 1046 2352 et
1071 2322 1274 2360 epenthesi.

472 2386 623 2434 Syncope
651 2389 693 2433 fit
717 2391 855 2424 extricsa
886 2387 995 2424 vocali
1019 2387 1123 2433 brevi,
1152 2399 1238 2432 quae
1268 2387 1357 2422 inter
1381 2386 1468 2421 duas
1492 2387 1541 2421 est
1563 2397 1639 2422 con—

372 2458 482 2482 sonas.
529 2446 628 2482 Haec
655 2447 739 2493 quia
765 2460 786 2482 a
811 2447 987 2493 gravitate
1007 2446 1171 2481 Romana
1196 2445 1383 2481 videbatur
1408 2456 1484 2480 esse
1510 2445 1636 2488 aliena,
