1835 2904
362 233 411 267 20
765 234 787 263 1.
818 231 871 263 DE
894 218 1233 264 ORTHOGRAPHIA
1263 268 1268 270 ,

461 322 650 358 Praeterea
674 323 769 365 inter:
789 335 824 358 m
850 325 886 359 et
910 337 926 359 s
952 324 1006 359 vel
1028 326 1042 359 t
1061 335 1164 369 saepe
1190 319 1431 369 interponitur
1444 335 1474 368 p
1494 321 1625 369 eupho-

362 381 442 416 niae
463 373 571 417 Kausa
592 383 632 416 ut
652 383 790 428 dempsi,
809 383 987 428 demptam,
1007 382 1247 427 Ampsanctus,
1266 376 1403 427 hiemps.
1442 381 1499 417 Ita
1519 381 1625 417 etiam

364 443 485 484 tempto
510 452 575 485 pro
603 443 700 475 tento.
742 481 744 486 y
985 429 996 444 ⁰

358 493 362 496 ⁴
460 498 498 533 B
523 500 559 533 et
583 511 604 533 v
629 499 806 534 interdum
833 501 1090 544 permutantur,
1115 501 1156 534 ut
1178 499 1298 546 ferveo,
1320 499 1440 543 ferbui.

907 599 952 628 De
973 608 990 627 c
1011 600 1042 628 et
1061 601 1083 628 t.

460 657 537 694 Nos
563 658 671 693 medii
698 659 776 694 aevi
802 660 914 694 secuti
940 672 1043 694 usum
1069 671 1133 704 pro
1154 670 1171 694 c
1192 660 1360 705 sequente
1381 670 1406 701 e,
1427 659 1450 704 i,
1469 670 1501 705 y,
1521 671 1570 702 ae,
1590 671 1626 694 oe

362 717 540 752 efferimus
565 728 593 763 Ζ,
618 719 659 752 ut
683 718 716 752 zi
736 730 801 763 pro
824 719 853 752 a
878 719 1046 764 sequente
1072 718 1189 760 vocali,
1215 717 1371 763 exceptis
1399 716 1540 753 Graecis
1569 717 1625 752 vel

362 776 503 821 quando
535 776 752 822 praecedunt
780 788 813 822 s,
850 779 877 822 t,
912 788 937 812 ,τ
970 768 1011 811 ut
1035 777 1227 822 Miltiades,
1258 777 1395 822 ostium,
1435 776 1625 822 Bruttium,

361 835 490 869 mixtio.
545 834 669 881 Neque
700 834 768 870 hoc
794 835 918 870 vitium
945 835 1017 869 iam
1043 837 1163 880 potest
1190 835 1300 870 evelli.
1352 834 1547 870 Scribendo
1573 837 1625 870 ta-

363 904 444 927 men
476 904 614 941 semper
646 892 867 927 adhibendae
898 904 915 928 c
945 895 981 927 et
1011 896 1031 928 t.
1088 892 1277 928 Praeterea
1307 895 1470 929 accurate
1500 905 1625 940 perno-

363 951 541 996 scendum,
568 951 708 996 quando
735 952 766 986 oi
790 952 876 996 poni
902 953 1075 996 oporteat,
1101 952 1245 997 quando
1269 953 1303 988 ti.

461 1008 492 1044 C
513 1009 704 1054 aliquando
731 1009 929 1054 euphoniae
956 1021 1063 1043 causa
1088 1009 1287 1044 inculcatur
1312 1009 1407 1044 inter
1431 1021 1456 1043 n
1483 1011 1518 1044 et
1538 1013 1560 1055 t,
1585 1012 1626 1044 ut

362 1067 399 1101 in
428 1066 618 1113 Quinctilis,
646 1067 860 1110 Quinctilius.

462 1124 493 1161 Ο
515 1128 684 1171 sequente
704 1137 729 1160 n
753 1125 791 1160 in
818 1127 954 1171 graecis
980 1126 1022 1160 fit
1038 1138 1062 1171 y
1082 1126 1120 1160 in
1147 1125 1292 1172 Gnidus,
1319 1126 1464 1172 Gnosus,
1490 1138 1624 1172 cygnus.

902 1222 949 1251 De
971 1222 991 1250 d
1012 1222 1044 1251 et
1063 1223 1086 1251 t.

459 1279 498 1315 D
522 1280 560 1314 in
585 1280 655 1314 fine
680 1281 844 1321 vocabuli
871 1284 976 1316 sonat
1002 1282 1103 1328 quasi
1130 1284 1151 1316 t.

459 1338 503 1373 In
528 1339 716 1374 verborum
742 1340 849 1374 tertia
874 1352 1028 1385 persona
1054 1352 1192 1385 semper
1223 1340 1446 1375 scribendum
1471 1344 1493 1376 t.
1543 1340 1626 1376 Pro—

361 1396 550 1431 nominum
571 1396 688 1431 finalis
710 1397 836 1432 melius
859 1398 1048 1432 adhibetur
1067 1399 1099 1444 d,
1120 1400 1160 1432 ut
1184 1399 1230 1444 id,
1249 1399 1340 1444 qaid,
1365 1400 1462 1444 quod,
1487 1401 1627 1445 praeter

361 1457 443 1500 quot
477 1453 626 1500 (skalka,
660 1455 806 1502 wieviel)
843 1458 879 1491 et
914 1469 956 1491 ea
992 1469 1080 1502 quae
1115 1456 1196 1491 inde
1232 1457 1457 1492 descendunt.
1522 1457 1625 1492 Prae-

362 1513 559 1558 positiones
605 1513 741 1547 habent
785 1514 903 1558 potius
945 1515 981 1559 d,
1027 1515 1293 1549 coniunctiones
1340 1518 1354 1549 t
1392 1517 1532 1559 praeter
1570 1517 1628 1550 sed

361 1573 398 1605 et
422 1571 519 1615 qaod.

459 1624 529 1664 Pro
554 1629 649 1664 haud
673 1632 708 1664 et
732 1630 815 1665 haut
840 1631 1022 1666 invenitur
1047 1634 1129 1666 ante
1155 1644 1330 1666 consonas
1355 1631 1434 1667 hau.

947 1732 992 1761 De
1013 1741 1042 1770 g.

460 1790 494 1825 G
523 1791 562 1824 in
596 1791 699 1825 initio
736 1792 923 1826 verborum
958 1793 1125 1837 sequente
1150 1804 1176 1826 n
1210 1793 1416 1837 plerumque
1448 1793 1625 1828 omittitur

360 1851 401 1882 ut
435 1859 565 1894 nascar,
597 1859 705 1894 nosco,
730 1849 828 1895 nubo,
853 1861 971 1895 naras,
995 1861 1114 1885 navus.

460 1907 493 1942 G
518 1907 697 1942 interdum
723 1908 921 1953 euphoniae
947 1909 989 1943 fit
1014 1921 1119 1943 eausa
1145 1921 1187 1943 ex
1208 1921 1234 1954 c,
1260 1911 1300 1943 ut
1324 1910 1465 1955 neyleyo,
1490 1922 1624 1955 cyanus.

945 2012 990 2041 De
1011 2013 1040 2042 h.

462 2070 508 2105 H
518 2083 590 2106 non
617 2073 671 2105 est
690 2071 820 2117 littera,
846 2073 906 2107 sed
928 2073 1085 2118 spiritus.
1123 2072 1209 2107 Inde
1231 2085 1320 2118 quae
1342 2073 1386 2107 ab
1406 2073 1429 2107 h
1449 2073 1626 2119 incipiunt

360 2129 470 2164 verba
495 2129 551 2163 vel
577 2129 737 2175 syllabae
763 2131 935 2175 putantur
961 2142 982 2164 a
1007 2130 1123 2166 vocali
1147 2130 1311 2176 incipere.

459 2187 505 2222 H
524 2188 671 2233 spiritus
696 2188 736 2222 in
760 2188 860 2223 initio
886 2189 1070 2223 multorum
1095 2189 1269 2224 verboram
1301 2190 1376 2224 tam
1402 2190 1529 2236 exiguo
1554 2190 1624 2226 fuit

361 2258 460 2291 sono,
482 2248 521 2280 ut
541 2246 611 2291 ipsi
627 2246 782 2280 Romani
804 2246 1018 2291 dubitarent,
1039 2249 1158 2281 utrum
1186 2247 1366 2282 addendus
1388 2250 1482 2282 esset
1501 2260 1622 2294 necne,

359 2306 400 2338 ut
425 2303 462 2337 in
483 2304 622 2348 harena,
647 2304 765 2349 honus,
791 2303 883 2339 have.
929 2304 972 2339 In
992 2306 1112 2340 mediis
1131 2305 1247 2348 verbis,
1273 2305 1334 2340 ubi
1353 2306 1473 2350 paullo
1494 2305 1623 2341 fortius

364 2362 528 2407 sonabat,
555 2374 660 2407 saepe
687 2362 828 2397 additur
853 2362 896 2397 ad
922 2363 1158 2409 mitigandum
1184 2363 1332 2409 hiatum,
1357 2365 1398 2398 ut
1423 2364 1461 2398 in
1486 2364 1624 2411 ahenas,

357 2419 559 2455 Phrahates.
610 2420 656 2454 In
680 2421 748 2465 fine
772 2421 947 2455 verborum
972 2433 1044 2455 non
1071 2421 1176 2456 debet
1200 2422 1297 2467 poni.
