1835 2904
359 233 407 267 22
762 234 784 264 1.
815 233 869 262 DE
892 233 1218 264 ORTHOGRAPHIA.

361 323 585 369 grammatici
601 324 736 358 veteres
752 322 791 357 in
812 323 940 369 totiens,
964 323 1125 369 quotiens,
1143 323 1344 368 aliquotiens
1359 323 1573 359 servandum*
1590 336 1624 370 n,

362 383 488 417 eontra
514 380 739 416 abiciendum
764 381 802 415 in
826 381 876 416 eis
897 393 987 426 quae
1009 394 1030 416 a
1050 381 1287 417 cardinalibus
1307 382 1465 417 numeris
1481 383 1627 418 descen-

361 440 451 475 dunt
475 441 516 474 ut
536 440 650 485 decies,
676 450 794 474 merae
815 450 942 485 nugae,
968 452 1048 474 cum
1069 440 1108 474 in
1128 439 1200 475 illis
1221 442 1367 486 propter¹
1386 440 1625 487 frequentiam

362 510 446 532 usus
472 497 585 533 multo
617 497 733 543 magis
765 497 964 542 oportuerit
989 498 1107 533 omitti
1131 509 1165 533 n.
1215 497 1399 533 Interdum
1428 500 1550 534 tamen
1575 499 1625 534 in-

361 556 520 592 culcatur
549 555 697 601 ibidem,
727 557 768 590 ut
798 555 1000 592 thensaurus
1025 568 1089 602 pro
1116 556 1308 603 thesaurus,
1336 557 1530 601 formonsus
1559 570 1624 604 pro

359 616 537 660 formosus.

947 672 992 702 De
1014 683 1043 710 q.

462 711 514 748 Of.
537 715 568 756 ἓ.
592 714 622 748 7.
971 725 982 731 ·

954 769 999 798 De
1021 779 1043 799 r.

461 829 714 876 Antiquissimi
744 828 897 865 Romani
931 829 971 864 in
1000 828 1125 864 mediis
1161 830 1344 865 vocabulis
1375 842 1440 876 pro
1470 842 1491 865 r
1521 842 1625 877 saepe

366 888 548 934 ponebant
572 899 590 923 s
615 890 656 922 ut
679 889 822 933 Fusius,
853 887 1015 923 Valesius.
1060 887 1102 922 Id
1127 888 1259 923 mansit
1283 889 1322 923 in
1347 889 1512 924 finalibus
1538 901 1626 924 non-

367 946 558 992 nullorum,
586 958 676 992 quae
701 946 741 980 in
766 957 805 981 or
826 947 961 991 exeant,
985 945 1260 992 dissyllaborum
1282 947 1502 992 paenultima
1521 947 1630 993 brevi,

365 1007 406 1040 ut
431 1005 531 1049 lipos,
556 1007 593 1039 et
618 1004 780 1039 feminini
806 1005 914 1040 arbos.

462 1063 498 1098 R
523 1065 692 1108 sequente
717 1075 734 1098 s
759 1063 937 1097 interdum
964 1063 1182 1097 assimilatur
1207 1063 1262 1098 vel
1283 1063 1467 1107 delitescit,
1493 1065 1534 1099 ut
1552 1075 1629 1099 rus-

364 1133 450 1168 sum,
475 1121 630 1167 Sassina,
655 1133 786 1157 rusum.
836 1120 893 1156 Ita
911 1126 1018 1166 prosa
1043 1121 1171 1156 dicitur
1194 1133 1215 1156 r
1241 1122 1382 1158 omissa.

953 1197 1041 1227 Des.

464 1257 493 1292 S
507 1258 544 1292 in
570 1257 673 1292 initio
695 1257 794 1292 verbi
814 1257 870 1292 vel
890 1256 1011 1292 addita
1031 1258 1113 1292 ante
1135 1257 1208 1292 sive
1234 1259 1317 1303 post
1337 1269 1494 1293 consona
1514 1257 1629 1305 (prae-

365 1318 421 1351 ter
450 1314 512 1361 ns)
544 1315 797 1361 pronuntiatur
835 1307 909 1350 fere
952 1317 993 1350 ut
1025 1315 1212 1351 Rossieum
1238 1328 1268 1359 c,
1306 1316 1554 1352 Germanicum
1585 1328 1630 1352 ss.

367 1374 490 1408 Etiam
516 1376 707 1420 praeeunte
733 1373 847 1408 vocali
877 1374 987 1419 longa
1009 1374 1186 1408 interdum
1217 1376 1333 1409 aetate
1359 1375 1494 1420 optima
1519 1375 1630 1420 dupli-

368 1433 499 1468 cabant
523 1444 555 1478 s,
585 1435 626 1467 ut
650 1432 728 1477 ipse
759 1431 881 1467 Cicero
914 1432 1057 1478 scripsit
1082 1444 1247 1468 caussam.
1297 1433 1453 1479 Alioqui,
1479 1434 1511 1468 si
1535 1434 1629 1469 inter

369 1492 456 1526 duas
489 1492 621 1526 vocalis
655 1492 703 1525 sit
734 1492 864 1536 posita,
887 1492 943 1526 vel
973 1492 1205 1536 praecedente
1235 1503 1260 1526 η
1292 1492 1558 1538 pronuntiatur,
1591 1494 1631 1526 ut

368 1550 663 1597 francogallioum
689 1561 716 1585 a.
766 1549 810 1585 In
834 1550 903 1585 fine
928 1550 1045 1585 minus
1073 1549 1292 1585 audiebatur.

954 1626 1000 1655 De
1020 1636 1049 1655 x.

466 1686 507 1722 X
537 1687 693 1722 litteram
729 1686 871 1733 quando
908 1686 1066 1732 sequitur
1090 1698 1121 1732 s,
1155 1686 1243 1722 haec
1273 1699 1345 1723 non
1379 1687 1563 1722 exauditur
1596 1689 1632 1723 et

370 1745 496 1780 melius
523 1746 709 1790 omittitur,
734 1748 774 1780 ut
799 1756 950 1790 ewequm,
970 1746 1080 1780 'extiti

957 1821 1003 1849 De
1025 1831 1049 1849 z.

470 1860 522 1896 Cf.
543 1863 574 1904 ξ.
597 1862 627 1896 7.

948 1940 980 1981 ἓ.
1005 1939 1058 1973 15.

654 2013 709 2042 De
735 2011 998 2043 assimilatione
1023 2011 1353 2050 praepositionum.

471 2074 572 2117 Quod
599 2087 706 2121 supra
731 2075 803 2110 dixi
828 2074 1010 2111 Romanos
1038 2086 1142 2120 saepe
1174 2086 1246 2110 non
1272 2075 1396 2110 eodem
1421 2075 1526 2123 modo
1551 2087 1631 2121 pro-

373 2134 556 2171 nuntiasse
593 2135 700 2180 atque
740 2134 937 2180 scripsisse,
974 2134 1011 2169 id
1048 2134 1201 2169 maxime
1239 2134 1275 2168 in
1310 2134 1632 2180 praepositionibus

373 2192 580 2238 compositis
606 2194 763 2237 apparet.
819 2191 914 2227 Nam
940 2192 1027 2228 satis
1053 2193 1207 2238 constat,
1233 2192 1340 2227 etiam
1365 2193 1416 2227 ibi
1442 2204 1547 2238 saepe
1573 2205 1632 2228 eas

373 2251 589 2286 assimilatas
614 2250 889 2298 pronuntiando,
914 2250 976 2285 ubi
1002 2250 1188 2286 scribendo
1215 2251 1425 2286 assimilatio
1453 2253 1516 2286 aut
1534 2263 1633 2286 num-

373 2322 480 2357 quam
506 2311 570 2345 aut
600 2311 695 2345 certe
720 2322 793 2345 non
820 2321 959 2355 semper
985 2310 1247 2355 exprimeretur.
1297 2309 1366 2345 Sed
1391 2310 1480 2345 haec
1504 2322 1547 2345 ex
1571 2307 1634 2356 eis,

374 2381 464 2415 quae
498 2369 540 2403 de
573 2368 831 2413 assimilatione
865 2371 949 2403 sunt
982 2369 1091 2414 dicta,
1128 2368 1233 2403 facile
1265 2370 1436 2414 poterunt
1469 2368 1634 2413 suppleri.

373 2427 525 2463 Ceterum
547 2438 583 2462 eo
603 2428 714 2473 mayis
736 2427 939 2463 assimilatio
958 2427 1092 2462 reddita
1113 2429 1161 2462 est
1181 2427 1363 2473 scribendo,
1383 2438 1447 2472 quo
1469 2426 1631 2462 usitatius
