1835 2904
527 216 565 259 Π.
601 223 655 257 ΒΕ
675 222 876 257 moseum
894 223 1057 256 LATINA.
1378 222 1423 260 31

158 316 353 366 plurimum
381 317 607 363 syllabarum,
639 316 671 350 si
695 318 774 350 ante
797 314 980 360 syllabam,
1009 325 1095 358 quae
1123 313 1222 349 hahet
1244 317 1425 356 amentum,

166 381 249 414 esset
266 387 427 412 mnsam
447 374 629 417 trochaica,
654 373 853 419 spondium,
873 372 1039 418 dactylica
1057 375 1103 415 et,
1122 375 1162 408 ut
1174 375 1274 417 puto,
1299 372 1427 414 cretica,

165 438 206 472 in
222 436 344 481 pr‘ima
368 435 448 470 talis
465 433 566 479 pedis
590 432 723 478 syllaba
747 432 850 467 eiiam
873 431 1030 466 habuisse
1053 433 1224 466 accentum
1247 431 1426 475 quendam,

165 495 331 530 minorem
354 493 454 529 illum
477 492 593 537 ulique
609 489 818 537 principali,
842 490 902 526 sed
917 490 1132 536 proximum,
1157 491 1199 525 ut

262 551 450 597 imbuisse,
484 549 728 597 incogitabitis
761 549 1025 596 condemnavit,
1060 549 1331 595 indefessorum,
1362 550 1428 585 im-

263 610 512 657 peritavimus,
544 608 840 655 perh6rrueratis,
871 608 1108 653 expetebatis,
1132 607 1429 643 recondidissetis.

264 668 389 715 Neque
416 667 585 703 abhorret
609 679 631 702 a
655 666 923 713 probabilitate,
954 666 984 701 si
1009 666 1235 712 praecederet
1260 666 1430 712 syllabae,

168 739 260 774 quae
280 726 429 761 haberet
449 728 583 768 tonum,
608 725 810 761 tribrachus
831 726 887 760 vel
908 727 1134 771 anapaestus,
1160 725 1266 760 etiam
1286 725 1324 759 in
1344 725 1429 759 talis

167 786 266 832 pedis
294 784 433 831 syllaba
456 784 574 830 prima
599 783 708 819 fuisse
733 785 918 834 accentum
943 783 1043 818 illum
1070 785 1125 818 ut:

265 843 489 889 repeteretis,
514 843 755 889 expetieritis,
779 841 1013 888 repetebatis,
1039 842 1342 889 sollicitabantur3

169 902 231 937 sed
255 913 340 947 non,
366 901 396 936 si
416 901 643 947 praecederet
667 901 806 936 iambus
831 901 888 936 vel
905 900 1122 947 pyrrichius,
1143 902 1184 935 ut

575 960 804 1006 petebamus,
833 958 1024 1006 rapuisset.

264 1017 321 1054 Ex
352 1019 499 1065 syllabis
534 1021 617 1065 post
647 1020 830 1054 accentum
860 1018 987 1064 positis
1017 1019 1136 1053 minus
1168 1021 1274 1054 sonat
1303 1019 1430 1054 ultima

169 1078 206 1112 in
237 1078 561 1123 properispomenis
593 1079 629 1113 et
652 1077 884 1124 paroxytonis
909 1077 1130 1123 paenultima
1163 1077 1286 1124 longa,
1322 1090 1428 1123 quam

168 1136 206 1170 in
229 1131 524 1182 proparoxytonis
541 1138 577 1172 et
592 1136 776 1181 disyllabis
791 1135 962 1171 iambicis.
1001 1135 1045 1170 In
1059 1138 1429 1181 proparoxytonorum

169 1194 303 1237 ultima,
324 1196 418 1230 certe
440 1195 471 1230 si
491 1195 601 1241 longa
617 1197 720 1241 esset,
741 1194 880 1230 videtur
895 1194 1002 1229 etiam
1022 1194 1131 1229 fuisse
1147 1196 1314 1230 accentus
1335 1195 1428 1241 talis,

171 1252 312 1298 qualem
334 1253 528 1288 memoravi
548 1253 670 1288 adesse
691 1252 880 1288 trochaicis
900 1252 1048 1297 pedibus
1070 1254 1106 1286 et
1130 1252 1320 1298 similibus,
1346 1255 1429 1288 ante

171 1310 359 1356 syllabam,
385 1323 476 1356 quae
501 1311 611 1346 habet
637 1313 835 1356 accentum,
863 1310 1002 1356 positis,
1027 1312 1068 1345 ut

384 1369 546 1418 maximi,
572 1369 711 1414 faciles,
737 1367 975 1413 difficillimis,
1001 1368 1214 1403 sollicitatio.

745 1446 777 1490 ξ.
802 1445 859 1481 20.

269 1512 370 1554 Quod
395 1525 475 1548 cum
501 1514 551 1548 ita
577 1514 638 1559 sit,
663 1526 737 1548 non
762 1526 804 1548 ex
827 1516 991 1548 accentus
1017 1514 1215 1549 rationibus
1241 1516 1296 1549 est
1322 1515 1431 1559 expli-

170 1571 331 1617 candum,
347 1570 441 1616 quod
453 1583 495 1606 ex
511 1571 675 1608 finalibus
684 1571 874 1606 verborum
889 1571 969 1617 plus
981 1583 1088 1617 quam
1099 1572 1428 1617 monosyllaborum

169 1629 321 1665 maxime
348 1631 531 1675 correptae
558 1631 642 1664 sunt
667 1642 689 1664 a
709 1629 880 1665 Romanis
905 1629 1151 1675 iambicorum,
1175 1631 1216 1665 ut
1240 1630 1319 1673 ciffi,
1337 1630 1431 1675 puto,

168 1686 280 1729 homa,
312 1687 372 1721 sed
399 1699 441 1721 ex
471 1687 671 1732 frequentia
696 1699 781 1721 usus
808 1688 1015 1733 quotidiani.
1066 1688 1162 1722 Nam
1186 1699 1251 1731 quo
1281 1689 1433 1723 breviora

169 1747 251 1779 sunt
273 1745 448 1790 voeabula,
472 1747 505 1779 et
526 1755 591 1789 quo
609 1745 789 1789 pauciores
808 1744 931 1779 habent
948 1756 1077 1787 moras,
1103 1756 1138 1780 eo
1158 1746 1270 1790 mayis
1291 1746 1434 1790 fuerunt

169 1803 298 1838 usitata
318 1802 412 1847 apud
429 1801 618 1847 Romanos,
637 1802 676 1837 id
694 1802 783 1846 quod
794 1803 937 1847 perinde
956 1803 1038 1838 solet
1056 1804 1185 1838 evenire
1204 1805 1299 1849 apewl
1316 1816 1430 1840 omnes

164 1860 318 1904 populos.
359 1860 486 1906 Itaque
507 1862 589 1906 post
604 1860 834 1905 monosyllaba
855 1862 891 1895 et
903 1860 1123 1905 pyrrichiaca
1142 1856 1432 1907 frequentissima

171 1918 315 1954 fuerunt
338 1919 494 1954 iambica.

267 1977 316 2013 In
347 1977 488 2013 Graecis
517 1980 636 2013 autem
667 1978 831 2014 nonnulli
860 1976 1102 2014 Romanorum
1134 1992 1175 2015 eo
1210 1991 1314 2015 curae
1346 1982 1432 2016 sunt

169 2036 365 2083 progressi,
389 2038 429 2071 ut
449 2038 632 2072 servarent
651 2039 821 2072 accentus<
835 2036 1000 2074 Graecos.
1041 2037 1109 2073 Sed
1134 2038 1170 2073 id
1195 2038 1312 2084 plures
1332 2041 1429 2074 recto

169 2094 300 2130 iudicio
332 2096 416 2130 sunt
446 2095 639 2141 aspernati,
675 2107 755 2131 cum
791 2096 829 2130 in
860 2096 932 2131 illis
967 2096 1074 2141 plane
1105 2097 1217 2132 isdem
1247 2099 1431 2132 uterentur

170 2152 374 2188 accentibus
401 2155 507 2200 atque
531 2153 569 2188 in
590 2152 738 2188 Latinis.
809 2169 813 2172 ·

745 2231 778 2274 ξ.
803 2232 860 2267 21.

574 2300 628 2331 De
653 2299 784 2331 enclisi
808 2302 847 2330 et
870 2300 1031 2339 procusi.

268 2356 374 2404 Apud
410 2356 591 2394 Romanos
626 2370 691 2404 pro
725 2359 903 2405 gravitate
939 2360 1112 2395 sermonis
1143 2359 1262 2395 Latini
1296 2360 1431 2396 enclisis

171 2426 256 2451 usus
280 2415 352 2451 fuit
371 2417 535 2463 exiguus,
553 2417 713 2462 proclisis
737 2417 797 2452 vix
816 2417 919 2453 ullus.
959 2417 1154 2454 Encliticae
1175 2418 1318 2454 fuerunt
1338 2419 1432 2465 apud
