1835 2904
352 233 374 267 6
757 233 779 264 Ι.
816 233 869 263 DE
890 232 1217 264 ORTHOGRAPHIA.

352 323 486 373 partim
507 325 686 359 vetustate
702 323 862 370 horrida,
887 323 1126 370 posteriorum
1148 324 1303 370 primum
1324 323 1443 360 fucata
1463 325 1617 371 quadam

353 382 580 428 antiquitatis
603 383 721 429 specie
741 381 847 430 (quae
869 383 1012 429 quidem
1028 383 1181 419 maxime
1202 383 1436 419 affectabatur
1456 395 1546 419 saec.
1561 383 1623 432 ΙΙ),

318 465 331 478 .
354 440 541 487 deformis,
567 440 692 476 deinde
718 441 933 488 rusticitate,
965 454 986 476 a
1012 441 1154 477 saeculo
1180 441 1311 488 quippe
1336 441 1391 477 ΠΙ
1415 454 1448 487 p.
1476 439 1558 477 Chr.
1583 453 1617 476 n.

353 500 392 534 in
416 500 620 535 barbariem
645 502 814 549 vergente
840 512 1002 535 sermone
1023 500 1162 535 Latino.
1206 499 1394 535 Praeterea
1418 502 1459 535 ut
1484 500 1522 535 in
1548 512 1618 535 ser-

355 569 474 603 mone,
500 558 552 592 ita
573 557 611 592 in
633 558 810 604 scriptura
830 559 1013 604 tamquam
1035 558 1219 604 scopulum
1241 570 1307 593 nos
1332 557 1455 604 fugere
1477 560 1619 604 oportet

356 616 500 662 quaevis
532 617 721 663 inusitata,
756 619 904 662 excepto
937 617 1079 663 quando
1110 629 1152 652 ea
1182 616 1394 652 adhibentur
1425 629 1505 652 cum
1536 629 1617 652 con-

355 675 435 709 silio
462 676 558 710 certo
590 687 630 709 ac
656 675 814 720 ratione,
843 675 943 710 velut
967 675 1012 709 ad
1038 675 1231 722 imaginem
1261 674 1438 720 quandam
1465 675 1618 721 antiqui-

355 732 442 768 tatis
464 732 679 768 reddendam
701 734 764 768 aut
783 732 953 768 irridendi
975 744 1092 768 causa.
1131 732 1326 778 Sequendus
1339 734 1447 779 iyitar
1464 744 1619 770 summas

356 792 413 826 ille
438 792 560 826 Latini
588 791 753 826 sermonis
777 791 904 826 arbiter
929 791 1058 836 Cicero,
1089 791 1150 837 qui
1182 791 1271 826 dixit
1300 791 1339 826 in
1370 791 1519 827 Oratore
1546 790 1619 838 (48,

359 849 454 896 160),
475 861 513 885 se
534 849 569 884 in
592 849 653 896 eis,
674 860 764 896 quae
785 849 888 884 aliter
910 861 974 884 sua
994 850 1110 884 aetate
1137 849 1345 885 efferrentur
1365 851 1471 897 atque
1491 850 1619 897 prisca,

357 921 459 944 usum
484 908 654 955 loquendi
679 909 811 954 populo
837 909 1070 955 concessisse,
1101 909 1287 944 scientiam
1313 909 1380 944 sibi
1410 918 1619 945 reservasse.

455 957 622 1002 Ceterum
648 967 736 1002 satis
767 969 910 1002 constat
936 966 1179 1003 Romanorum
1209 968 1398 1014 plerosque
1430 968 1468 1003 in
1499 967 1618 1002 ortho-

357 1025 509 1073 graphia
529 1038 601 1061 uon
623 1025 711 1061 satis
732 1025 842 1061 fuisse
864 1028 1069 1061 constantes
1092 1029 1154 1061 aut
1178 1026 1451 1074 diligentes*(de
1472 1038 1542 1073 quo
1568 1025 1619 1061 di-

358 1085 530 1130 gnissima
560 1085 732 1120 memoria
768 1096 858 1129 quae
894 1085 1005 1119 tradit
1034 1084 1170 1120 Marius
1196 1085 1402 1124 Victorinus
1433 1096 1492 1131 pg.
1524 1085 1619 1120 2456

357 1155 433 1189 sqq.
459 1142 528 1188 P.):
571 1155 637 1179 nos
674 1145 795 1178 tamen
830 1142 867 1177 in
904 1154 944 1177 ea
976 1144 1120 1187 oportet
1153 1142 1338 1188 aliquanto
1373 1141 1454 1187 plus
1487 1153 1619 1188 ponere

359 1201 477 1236 studii.
519 1200 613 1236 Nam
634 1213 715 1236 curn
735 1201 774 1236 in
794 1201 865 1235 illis
887 1200 1036 1236 Latinae
1057 1201 1200 1247 linguae
1221 1212 1306 1235 usus
1332 1202 1427 1235 esset
1452 1200 1553 1236 vivus
1580 1213 1621 1236 ac

358 1260 518 1305 nativus,
547 1271 622 1294 non
648 1261 725 1294 erat
749 1258 961 1305 timendum,
990 1270 1035 1293 ne
1065 1258 1312 1304 pronuntiatio
1344 1258 1620 1309 orthographiae

358 1319 534 1364 pravitate
560 1320 682 1365 posset
702 1318 892 1364 corrumpi.
942 1317 1059 1353 Aliter
1083 1329 1177 1352 nunc
1203 1329 1259 1353 res
1279 1317 1402 1353 habet:
1437 1329 1521 1353 nam
1542 1330 1621 1354 cum

359 1390 520 1414 sermone
541 1379 684 1413 utamur
703 1376 832 1412 Latino
854 1377 1070 1412 extrinsecus
1092 1376 1228 1411 adscito
1250 1378 1285 1411 et
1308 1377 1621 1423 grammaticorum

359 1448 467 1481 opera
498 1437 681 1481 percepto,
711 1435 878 1471 scribendi
906 1446 969 1470 nos
997 1435 1129 1470 studere
1159 1437 1284 1479 oportet
1312 1438 1344 1470 et
1375 1436 1563 1484 integritati
1591 1439 1624 1471 et

359 1494 571 1538 aequalitati.
612 1493 806 1538 Propterea
830 1493 890 1528 ubi
909 1493 1032 1537 drwlex
1056 1495 1186 1528 constat
1209 1493 1392 1537 scriptura,
1412 1505 1451 1529 ea·
1477 1494 1621 1530 omnino

358 1553 483 1587 nostro
511 1563 577 1586 usu
607 1554 656 1586 est
684 1551 888 1592 adhibenda,
924 1562 1010 1594 qnae
1044 1551 1296 1585 commendatur
1333 1552 1409 1585 soni
1442 1553 1619 1596 suavitate,

360 1622 466 1657 quam
487 1609 614 1646 Graeci
640 1609 763 1645 dicunt
783 1609 1014 1655 euphoniam,
1041 1609 1128 1644 satis
1153 1621 1233 1645 cum
1260 1611 1400 1645 constet
1420 1609 1482 1645 illa
1507 1611 1621 1647 solum

360 1670 398 1704 in
430 1668 692 1714 pronuntiando
719 1680 804 1703 usos
838 1680 916 1702 esse
946 1669 1097 1712 veteres,
1129 1669 1300 1712 quatenus
1330 1668 1476 1713 vigebat
1500 1670 1622 1715 lingua

360 1727 507 1762 Latina:
549 1738 579 1761 v.
611 1738 639 1761 c.
676 1725 900 1761 scribendum
937 1728 1071 1771 tempto,
1112 1737 1184 1761 non
1220 1728 1333 1772 temto,
1373 1726 1515 1773 ahenas,
1549 1739 1622 1763 non

359 1797 479 1831 aenas,
505 1785 637 1828 incolae,
663 1797 737 1821 non
757 1784 890 1831 inchoo,
915 1785 952 1820 di
976 1797 1048 1820 non
1074 1785 1133 1820 dii.

457 1844 531 1889 Ipsi
557 1855 643 1878 sane
669 1842 837 1888 Romani,
863 1855 932 1889 quo
958 1843 1102 1889 longius
1129 1843 1226 1878 cultu
1252 1846 1289 1878 et
1314 1844 1511 1879 eruditione
1538 1848 1623 1880 sunt

361 1902 533 1947 provecti,
559 1913 600 1936 eo
626 1901 741 1947 magis
768 1900 956 1948 diligentes
977 1901 1033 1936 vel
1062 1901 1182 1947 potius
1214 1902 1347 1937 morosi
1372 1902 1410 1936 in
1436 1903 1621 1939 scribendo

361 1972 402 1994 ac
428 1959 693 2005 pronuntiando
720 1960 930 2004 extiterunt,
956 1959 1051 1994 haud
1076 1972 1157 1994 raro
1183 1962 1224 1994 ut
1248 1962 1394 2006 propter
1420 1961 1623 2007 analogiam

362 2029 482 2052 veram
513 2017 570 2052 vel
605 2017 735 2052 falsam
766 2017 949 2052 laederent
982 2017 1079 2063 leges
1116 2017 1330 2062 euphoniae:
1377 2018 1471 2064 quod
1501 2020 1622 2053 tamen

361 2088 428 2111 nos
449 2088 522 2110 non
548 2076 715 2110 debemus
741 2076 874 2110 imitari
900 2076 1110 2121 exemplum.

954 2173 984 2215 ξ.
1011 2172 1043 2206 2.

622 2246 676 2274 De
701 2243 870 2274 fontibus
896 2244 1181 2281 orthographiae
1205 2244 1369 2275 Latinae.

461 2297 626 2344 Fontium
642 2320 683 2344 ex
703 2308 824 2353 quibus
837 2308 949 2352 possit
959 2308 1033 2352 peti
1052 2307 1310 2352 orthographiae
1329 2308 1477 2344 Latinae
1495 2310 1625 2354 peritia

360 2380 466 2412 ,oenus
486 2371 534 2403 est
554 2367 784 2412 quadruplex:
812 2367 1115 2411 yrammatieorum
1134 2367 1261 2411 scripta
1280 2369 1441 2413 veterum,
1463 2368 1625 2403 librorum

365 2427 571 2462 Latinorum
597 2427 721 2462 codices
727 2454 736 2472 ,
762 2426 1011 2471 inscriptiones,
1037 2426 1221 2461 auctoritas
1242 2428 1430 2470 poetarum.
