1835 2904
512 242 521 245 -
549 230 586 261 11.
617 229 671 260 DE
692 229 891 260 PROSODIA
911 230 1072 266 LATINA.
1394 229 1442 264 29

279 318 444 355 ceterum
485 320 542 356 vel
581 320 719 355 nostris·
753 319 973 364 temporibus
1013 319 1181 364 pleraque
1223 319 1445 364 ineptissima

139 400 141 402 -
181 378 322 423 prolata
346 378 390 412 de
415 380 561 413 accentu
585 377 726 413 Latino.
1163 382 1167 384 ’

280 435 448 471 Aceentus
477 436 516 471 in
545 436 645 482 poesi
669 435 805 470 Graeca
836 437 873 470 et
897 434 1026 470 Latina
1051 435 1211 481 quamvis
1237 446 1310 470 non
1335 434 1442 469 modo

83 501 87 505 “
125 538 128 539 ⁷
182 506 267 529 cura
297 496 390 531 esset
419 495 532 540 nulla,
564 494 625 529 sed
656 494 772 540 prima
802 493 890 528 adeo
919 494 978 541 lex
1004 493 1243 539 discrepantia
1262 495 1442 539 ‘quantum

166 554 304 603 'posset
335 553 412 588 fieri
444 552 601 588 maxima
635 554 800 587 accentus
840 551 1064 598 grammatici
1103 555 1139 586 et
1170 552 1263 586 ictus
1296 551 1433 586 metrici
1458 573 1464 577 -

182 613 304 646 tamen
324 611 464 646 numeri
484 623 650 647 versuum
664 609 889 658 Latinorum,
915 610 958 645 de
979 610 1107 656 quibus
1132 610 1205 645 dixi
1225 609 1264 644 in
1285 608 1371 655 Cap.
1386 609 1442 644 III

181 660 364 705 sumn'aarii
390 669 564 705 metricae
582 668 744 716 Latinae,
765 669 876 715 probe
896 668 1070 716 perspecti
1090 668 1280 703 conferunt
1299 668 1448 714 aliquid,

183 728 227 763 ad
254 731 422 764 accentus
442 729 584 775 linguae
605 727 848 763 Romanorum
873 727 1147 774 cognoscendos.
1191 727 1301 762 Plura
1326 726 1368 761 de
1389 727 1440 762 eis

181 786 346 821 docemur
381 786 537 821 elisionis
572 785 721 821 Latinae
758 786 926 831 modulis,
966 785 1008 820 de
1044 785 1172 831 quibus
1214 787 1267 819 est
1307 785 1439 819 dictum

181 843 266 890 Cap.
285 844 339 880 IV
364 857 491 880 summ.
511 846 611 879 metr.
632 843 708 880 Lat.

279 902 404 947 Itaque
426 915 515 948 quae
535 902 592 937 his
613 905 834 948 promuntur,
855 902 1046 937 maximam
1066 903 1206 947 partem
1226 902 1340 947 petita
1355 904 1441 937 sunt

181 972 224 996 ex
244 960 396 996 lectione
415 963 609 1006 poetarum,
633 960 778 1006 perinde
799 959 917 995 Plauti
942 959 1169 1005 Terentiique
1190 962 1296 1006 atque
1321 960 1440 1006 dacty-

179 1019 338 1054 licorum.

276 1077 377 1121 Leyis
401 1080 554 1112 accentus
578 1078 700 1112 Latini
723 1078 878 1112 videntur
900 1078 971 1121 fere
991 1078 1100 1121 fuisse
1123 1077 1203 1112 hae:

272 1127 453 1170 -Accentus
479 1136 515 1170 in
544 1135 707 1181 syllaba,
726 1136 782 1170 cui
808 1135 917 1182 adest,
942 1135 1082 1181 plenius
1109 1138 1213 1171 sonat
1238 1138 1274 1171 et
1298 1136 1439 1181 fortius,

179 1194 209 1229 si
240 1196 303 1229 aut
331 1194 440 1240 longa
466 1194 512 1228 sit
536 1196 666 1229 natura
692 1197 754 1229 aut
779 1196 919 1229 constet
948 1197 1042 1229 certe
1073 1195 1186 1229 vocali
1213 1195 1285 1230 sive
1311 1207 1334 1229 a
1359 1196 1433 1230 sive

179 1263 198 1287 o
224 1252 298 1287 sive
322 1264 356 1288 u.
959 1249 962 1252 ’

278 1310 424 1357 Syllaba
450 1312 595 1346 accentu
622 1323 744 1346 carens
771 1323 812 1346 eo
833 1306 979 1357 plenius*
995 1314 1101 1346 sonat
1121 1323 1162 1346 ac
1181 1311 1297 1347 minus
1318 1311 1437 1347 delite—

179 1369 260 1412 scit,
299 1369 329 1404 si
363 1365 496 1404 vocalis
531 1369 580 1404 sit
618 1371 679 1404 aut
718 1370 828 1415 longa
866 1371 993 1404 natura
1026 1374 1089 1404 aut
1122 1369 1244 1414 utique
1277 1381 1300 1404 a
1332 1371 1387 1405 vel
1418 1382 1438 1405 ο

180 1427 236 1462 vel
260 1439 293 1462 u.
317 1421 323 1427 ’

276 1484 372 1520 Hinc
396 1498 470 1520 non
496 1487 552 1520 est
575 1486 714 1531 mirum,
740 1486 834 1532 quod
861 1486 948 1521 adeo
974 1486 1114 1521 vocales
1140 1498 1229 1532 quae
1255 1482 1437 1522 accentum

181 1543 316 1579 habent
339 1546 492 1590 possunt
518 1544 699 1579 absorberi
724 1557 788 1590 per
814 1557 1008 1590 syncopen,
1033 1547 1074 1580 ut
1098 1545 1226 1580 dicitur
1252 1548 1348 1581 trasco
1371 1558 1437 1591 pro

179 1605 331 1646 traxisse,
361 1615 507 1639 evassem
531 1616 596 1649 pro
622 1605 812 1646 evasissem,
841 1605 970 1649 surpite
999 1616 1064 1650 pro
1097 1605 1272 1649 surripite,
1303 1605 1438 1640 valdius

177 1673 242 1707 pro
266 1662 423 1697 validius.

274 1719 534 1766 Antiquissimo
559 1722 719 1765 tempore
745 1732 785 1755 ac
811 1720 891 1755 rudi
922 1721 1107 1756 etiamtum
1133 1721 1258 1768 lingua
1283 1734 1355 1757 non
1383 1725 1439 1757 est

176 1779 411 1824 improbabile
444 1778 581 1814 duobus
614 1779 728 1814 solum
762 1779 979 1825 accentibus,
1012 1782 1109 1815 actito
1142 1782 1178 1814 et
1199 1781 1316 1825 yraml,
1352 1793 1436 1816 usos

177 1836 369 1871 Romanos.
415 1835 483 1871 Sed
509 1849 571 1882 per
598 1838 775 1871 saeculum
801 1838 954 1882 primum
980 1839 1062 1872 ante
1083 1837 1264 1873 Christum
1290 1841 1327 1873 et
1353 1842 1437 1883 post

177 1892 358 1929 Christum
385 1894 470 1941 quin
496 1895 603 1933 etiam
629 1895 862 1941 circumflexo,
887 1896 948 1942 qui
973 1888 1086 1931 oritur
1111 1896 1308 1931 coniunctis
1329 1899 1433 1932 acuto

177 1955 212 1987 et
237 1954 348 1999 gravi,
373 1954 429 1989 usi
455 1955 526 1989 sint
551 1955 656 2000 plane
683 1955 774 1990 sicut
799 1954 923 1990 Graeci
948 1967 1020 1990 non
1045 1957 1164 2001 potest
1189 1956 1352 1992 dubitari.

272 2011 405 2047 Acutus
429 2013 468 2047 in
488 2013 595 2048 tribus
619 2014 751 2048 ultimis
774 2014 946 2048 invenitur
969 2014 1117 2058 syllabis,
1142 2015 1375 2059 circumflexus
1393 2016 1433 2049 in

174 2070 314 2113 duabus,
336 2071 453 2116 φανῶς
478 2074 611 2106 tantum
635 2072 673 2107 in
697 2072 829 2108 ultima.

272 2128 419 2164 Nullum
449 2130 658 2165 vocabulum
689 2130 856 2165 Latinum
883 2131 975 2176 quod
1002 2132 1050 2166 sit
1074 2132 1154 2177 plus
1179 2144 1284 2178 quam
1310 2144 1432 2167 mono-

175 2187 354 2232 syllabum
383 2187 493 2223 habet
523 2194 707 2224 accentum
741 2189 779 2224 in
815 2189 951 2225 ultima.
1008 2188 1112 2225 Unde
1144 2192 1293 2235 apparet
1327 2202 1431 2236 quam

174 2245 266 2281 falso
292 2246 399 2292 vulgo
426 2246 563 2282 dicatur
587 2247 692 2282 necne'
712 2260 776 2293 pro
790 2248 910 2283 ’φἰεενιὲ.

273 2303 436 2350 Oxytona
458 2308 542 2340 sunt
560 2306 810 2352 monosyllaba
823 2306 951 2341 ¹brevia
972 2309 1034 2341 aut
1053 2307 1230 2353 positione
1252 2307 1431 2353 producta,

175 2375 265 2409 quae
291 2365 442 2409 possunt
465 2363 569 2408 flecti,
596 2365 751 2411 exceptis
771 2365 1040 2411 pronominibus
1062 2367 1202 2411 praeter
1221 2367 1282 2411 qui
1300 2368 1336 2401 et
1355 2368 1432 2410 quis

77 2430 80 2432 ·
121 2475 129 2478 χ
144 2421 152 2426 ‘
173 2422 439 2469 interrogativa,
465 2425 505 2457 ut
529 2423 613 2466 de'm,
638 2424 730 2466 ste'm,
753 2424 827 2468 fdx,
851 2424 889 2459 o‘s
912 2424 1040 2470 (ossis).
