1835 2904
354 228 400 262 14
759 229 781 258 1.
817 229 871 258 DE
893 228 1222 276 ORTIQOGRAPHIA.

352 317 396 352 ad
428 317 682 364 distinguenda
713 318 858 364 similia,
891 319 1185 365 scribendumque
1216 320 1344 365 utputa
1368 319 1472 366 pond,
1507 319 1614 361 moda,

350 376 492 417 circam,
519 377 624 410 acuta
643 375 758 420 finali,
784 378 826 410 ut
846 371 1092 411 discernantur
1112 389 1134 411 a
1149 388 1238 421 pone
1258 377 1483 422 imperativo,
1508 377 1615 418 modo,

349 435 477 469 circum
508 431 758 479 substantivis,
790 434 969 470 reicienda
999 434 1145 470 omnino
1175 435 1309 480 placita
1338 435 1418 470 ista.
1468 434 1614 469 Etenim

350 493 411 537 qui
446 494 520 526 tam
557 503 683 536 parum
714 491 863 537 ingenio-
889 493 999 538 valet,
1034 495 1075 527 ut
1106 504 1180 527 11011
1211 493 1327 537 possit
1361 493 1431 527 nisi
1463 495 1613 527 accentu

351 549 471 584 addito
513 549 732 594 distinguere
777 549 983 590 adverbium
1020 562 1041 585 a
1085 550 1192 585 verbo
1234 551 1291 585 vel
1330 550 1493 596 nomine,
1534 562 1615 587 eum

351 607 497 642 omnino
518 619 592 642 non
613 609 757 653 oportet
777 607 917 643 litteras
933 608 1080 643 Latinas
1103 608 1293 644 addiscere.
1331 607 1494 643 Ceterum
1510 608 1615 653 plura

350 665 393 699 de
420 665 624 700 accentibus
651 665 746 700 dicta
771 666 809 700 in
830 666 985 701 secunda
1004 667 1109 701 huius
1134 666 1217 701 libri
1236 668 1354 712 parte,
1379 666 1440 701 ubi
1466 666 1509 701 de
1533 678 1614 712 pro-

348 724 449 759 sodia
473 724 601 771 agitur.
640 724 689 759 In
708 725 850 770 syllabis
869 725 1058 760 dividendis
1077 727 1214 760 veteres
1235 737 1315 761 cum
1336 736 1461 771 parum
1482 724 1615 759 fuerint

349 783 460 828 anxii,
485 795 580 818 nunc
606 783 679 818 fere
704 783 773 819 hae
800 785 986 819 servantur
1011 784 1124 830 leges:

447 841 490 876 In
526 841 710 877 vocabulis
749 842 970 888 simplicibus
1007 854 1164 878 consona
1198 855 1270 878 una
1305 844 1361 878 vel
1396 844 1496 878 muta
1532 854 1612 878 cum

344 899 479 946 liquida
504 912 643 946 semper
667 900 848 946 pertinent
873 900 917 936 ad
944 901 1121 947 syllabam
1147 903 1365 948 sequentem,
1395 913 1460 937 nec
1486 901 1604 936 minus

346 970 420 1003 mn,
440 970 488 1002 sc,
507 970 563 1003 sp,
582 961 626 1004 st,
647 961 688 993 ut
707 962 837 1005 ητα-ὗεν,
858 960 987 1005 ni-yra,
1008 961 1148 1003 o—mnis,
1167 971 1308 1006 vc-scus,
1328 971 1452 1006 a-sper,
1470 962 1605 995 ve-stra..

345 1016 468 1051 Etiam
494 1017 555 1051 alii
580 1028 691 1052 nexus
717 1029 968 1064 consonarum,
1001 1019 1128 1064 quibus
1155 1021 1217 1054 aut
1247 1030 1397 1065 quorum
1428 1011 1604 1053 similibus

345 1076 383 1109 in
424 1087 552 1121 graeca
596 1066 719 1121 lingua
763 1076 866 1111 initia
911 1077 1138 1111 continentur
1177 1077 1378 1122 verborum,
1423 1077 1605 1112 commode

345 1135 497 1179 possunt
526 1133 622 1168 trahi
653 1134 697 1168 ad
729 1134 906 1180 syllabam
938 1136 1157 1181 sequentem,
1193 1136 1233 1170 ut
1262 1137 1385 1181 a-ctus,
1417 1134 1606 1180 Ca-smena,

344 1193 577 1237 smum-ydus,
613 1204 828 1239 quamquam
855 1193 937 1236 licet
962 1194 1000 1228 in
1025 1194 1081 1228 his
1113 1194 1219 1229 etiam
1251 1194 1301 1229 sic
1335 1194 1443 1229 dividi
1472 1196 1607 1239 partes:

345 1254 468 1296 arc-tus,
499 1249 695 1296 Cas-mma,
726 1252 952 1296 smaray-dus.
1004 1251 1225 1298 Ubicumque
1252 1252 1343 1287 aliae
1370 1252 1499 1287 adsunt
1523 1264 1605 1287 con-

346 1322 515 1359 sonarum
541 1310 741 1352 iuncturae,
766 1310 864 1356 prior
890 1322 1048 1346 consona
1073 1311 1209 1346 accedit
1234 1311 1393 1356 syllabae
1419 1311 1543 1357 priori,
1567 1312 1608 1345 ut

345 1372 472 1413 [tr-tus,
498 1369 622 1413 cil-ma,
648 1368 867 1414 trium-phas,
893 1372 1034 1404 con-tra.
1169 1363 1173 1369 ’
1375 1403 1377 1405 ,

445 1427 488 1461 In
514 1426 720 1472 compositis
746 1427 926 1461 vocabulis
957 1429 1076 1472 partes
1108 1427 1393 1473 distinguuntur,
1423 1428 1463 1461 ut
1488 1428 1608 1469 red-eo,
1653 1456 1656 1458 .

345 1487 513 1530 inter-est,
539 1487 697 1529 cis-porto.
738 1483 805 1520 Sed
832 1485 862 1519 si
883 1485 1072 1531 compositi
1092 1498 1176 1531 pars
1197 1486 1294 1531 prior
1315 1487 1369 1520 est
1390 1485 1608 1520 subobscura

346 1546 409 1579 aut
434 1544 472 1578 in
497 1544 568 1577 fine
593 1545 759 1578 truncata
785 1546 953 1588 sequente
978 1543 1108 1589 vocali,
1141 1544 1300 1589 syllabae
1327 1544 1379 1578 ita
1404 1543 1608 1578 dividuntur

345 1604 386 1638 ut
411 1602 448 1637 in
474 1601 591 1637 verbis
618 1601 854 1647 simplicibus,
884 1603 1013 1648 utputa
1038 1602 1298 1645 ani-madverto,
1325 1604 1461 1648 po-test,
1486 1612 1608 1636 vc—neo.

344 1661 401 1696 Ita
427 1661 535 1696 etiam
563 1660 832 1696 discernendum
863 1661 1054 1707 quo-niam,
1084 1662 1216 1707 e-tiam,
1247 1661 1331 1707 quia
1355 1662 1370 1695 i
1399 1661 1437 1695 in
1465 1661 1523 1695 his
1554 1661 1610 1695 est

346 1720 490 1755 vocalis.

443 1778 632 1813 Praeterea
657 1779 800 1825 quidam
823 1791 864 1814 eo
886 1791 987 1814 curae
1012 1781 1094 1819 sunt
1118 1780 1313 1826 progressi,
1339 1781 1379 1814 ut
1403 1778 1610 1821 dihaereseos

338 1839 470 1881 puncta
500 1836 670 1871 adderent
700 1837 832 1882 vocali,
866 1837 1078 1883 ubicumque
1109 1839 1204 1872 esset
1234 1836 1445 1881 timendum,
1480 1848 1526 1870 ne
1563 1836 1607 1870 ab
1645 1835 1647 1837 ’

345 1895 520 1941 imperitis
564 1907 644 1930 cum
686 1895 920 1941 praecedente
961 1896 1188 1941 copularetur
1228 1907 1292 1941 per
1332 1894 1608 1941 diphthongum,

345 1954 611 1999 scriberentque
637 1957 757 1999 aiinus,
777 1957 903 1998 poema
929 1955 1005 1989 sim.

442 2011 711 2056 Interpunyendi
725 2015 824 2048 notas
844 2012 1022 2048 communi
1044 2025 1109 2047 usu
1125 2024 1198 2047 non
1220 2012 1456 2047 adhibuerunt
1470 2013 1607 2047 veteres

344 2071 413 2106 nisi
445 2072 633 2115 punctum,
670 2071 764 2116 quod
800 2071 942 2116 quidem
974 2083 1078 2115 saepe
1112 2071 1169 2105 ab·
1189 2070 1238 2105 eis
1270 2070 1503 2105 adhibebatur
1535 2082 1607 2105 non

343 2128 451 2163 modo
473 2128 518 2163 ad
539 2140 724 2173 sensuum,
751 2128 812 2163 sed
834 2128 941 2163 etiam
959 2128 1007 2162 ad
1027 2129 1215 2163 verborum
1235 2128 1325 2162 fines
1347 2128 1609 2174 significandos,

347 2187 426 2222 Nos
442 2189 566 2222 tamen
582 2186 620 2221 in
643 2187 804 2222 oratione
819 2186 964 2233 Latina,
984 2199 1053 2233 quo
1074 2186 1214 2222 facilius
1231 2186 1476 2233 intellegatur,
1496 2186 1608 2221 isdem

343 2246 417 2280 fere
448 2246 727 2292 interpungendi
753 2245 880 2291 signis,
915 2246 1042 2291 quibus
1073 2246 1112 2280 in
1136 2247 1277 2282 nostra.
1293 2245 1432 2291 lingua,
1463 2245 1606 2280 utimur.

343 2303 537 2339 Cavendum
563 2307 689 2348 tamen,
720 2316 762 2339 ne
786 2305 895 2339 simus
919 2305 1022 2339 nimii
1051 2304 1250 2339 adhibendis
1274 2304 1606 2349 interpunctionibus,

344 2374 413 2408 quo
454 2363 541 2397 vitio
581 2362 718 2408 periodi
752 2362 900 2397 Latinae
943 2362 1181 2408 pulcherrima
1218 2364 1395 2397 structura
1435 2362 1606 2397 evertitur

344 2421 489 2467 eiusque
532 2421 634 2467 quasi
675 2423 882 2456 resecantur
921 2421 1089 2455 membra.
1144 2421 1266 2465 Itaque
1305 2432 1374 2455 non
1409 2421 1606 2465 ponendum
