<?xml version="1.0" encoding="UTF-8"?>
<!DOCTYPE html PUBLIC "-//W3C//DTD XHTML 1.0 Transitional//EN"
    "http://www.w3.org/TR/xhtml1/DTD/xhtml1-transitional.dtd">
<html xmlns="http://www.w3.org/1999/xhtml" xml:lang="en" lang="en">
 <head>
  <title>
</title>
<meta http-equiv="Content-Type" content="text/html;charset=utf-8" />
  <meta name='ocr-system' content='tesseract 3.04.00' />
  <meta name='ocr-capabilities' content='ocr_page ocr_carea ocr_par ocr_line ocrx_word'/>
</head>
<body>
  <div class='ocr_page' id='page_1' title='image "4737389_0017.png"; bbox 0 0 1835 2904; ppageno 0'>
   <div class='ocr_carea' id='block_1_1' title="bbox 0 0 118 36">
    <p class='ocr_par' dir='ltr' id='par_1_1' title="bbox 0 0 118 36">
     <span class='ocr_line' id='line_1_1' title="bbox 0 0 118 36; baseline 0 2868"><span class='ocrx_word' id='word_1_1' title='bbox 0 0 118 36; x_wconf 95' lang='lat' dir='ltr'><strong> </strong></span> 
     </span>
    </p>
   </div>
   <div class='ocr_carea' id='block_1_2' title="bbox 571 207 1433 242">
    <p class='ocr_par' dir='ltr' id='par_1_2' title="bbox 571 207 1433 242">
     <span class='ocr_line' id='line_1_2' title="bbox 571 207 1433 242; baseline 0.006 -5"><span class='ocrx_word' id='word_1_2' title='bbox 571 208 594 238; x_wconf 90' lang='grc' dir='ltr'><strong>Ι.</strong></span> <span class='ocrx_word' id='word_1_3' title='bbox 629 208 683 239; x_wconf 79' lang='grc' dir='ltr'><strong>ΒΕ</strong></span> <span class='ocrx_word' id='word_1_4' title='bbox 703 207 1031 240; x_wconf 68' lang='grc' dir='ltr'>ΟΒΤΗΟΘΒΔΡΗῙΔ.</span> <span class='ocrx_word' id='word_1_5' title='bbox 1410 207 1433 242; x_wconf 88' lang='grc'><strong>9</strong></span> 
     </span>
    </p>
   </div>
   <div class='ocr_carea' id='block_1_3' title="bbox 176 297 1436 695">
    <p class='ocr_par' dir='ltr' id='par_1_3' title="bbox 176 297 1435 577">
     <span class='ocr_line' id='line_1_3' title="bbox 178 297 1434 345; baseline 0 -10"><span class='ocrx_word' id='word_1_6' title='bbox 178 298 308 345; x_wconf 89' lang='lat' dir='ltr'><strong>quibus</strong></span> <span class='ocrx_word' id='word_1_7' title='bbox 333 310 414 334; x_wconf 87' lang='lat' dir='ltr'><strong>cum</strong></span> <span class='ocrx_word' id='word_1_8' title='bbox 434 297 620 334; x_wconf 86' lang='lat' dir='ltr'><strong>commodo</strong></span> <span class='ocrx_word' id='word_1_9' title='bbox 640 297 756 343; x_wconf 84' lang='lat' dir='ltr'><strong>possis</strong></span> <span class='ocrx_word' id='word_1_10' title='bbox 781 297 836 333; x_wconf 90' lang='lat' dir='ltr'><strong>uti</strong></span> <span class='ocrx_word' id='word_1_11' title='bbox 859 297 906 333; x_wconf 87' lang='lat' dir='ltr'><strong>ad</strong></span> <span class='ocrx_word' id='word_1_12' title='bbox 925 297 1217 344; x_wconf 75' lang='lat' dir='ltr'><strong>orthographiam</strong></span> <span class='ocrx_word' id='word_1_13' title='bbox 1237 299 1332 334; x_wconf 89' lang='lat' dir='ltr'><strong>recte</strong></span> <span class='ocrx_word' id='word_1_14' title='bbox 1352 309 1434 335; x_wconf 84' lang='lat' dir='ltr'><strong>con-</strong></span> 
     </span>
     <span class='ocr_line' id='line_1_4' title="bbox 177 354 1435 402; baseline -0.001 -10"><span class='ocrx_word' id='word_1_15' title='bbox 177 354 405 393; x_wconf 84' lang='lat' dir='ltr'><strong>stituendam.</strong></span> <span class='ocrx_word' id='word_1_16' title='bbox 434 355 756 394; x_wconf 77' lang='lat' dir='ltr'><strong>Grammaticorum</strong></span> <span class='ocrx_word' id='word_1_17' title='bbox 771 355 967 393; x_wconf 83' lang='lat' dir='ltr'><strong>latinorum</strong></span> <span class='ocrx_word' id='word_1_18' title='bbox 980 355 1111 400; x_wconf 85' lang='lat' dir='ltr'><strong>scripta</strong></span> <span class='ocrx_word' id='word_1_19' title='bbox 1125 356 1294 402; x_wconf 81' lang='lat' dir='ltr'><strong>pleraque</strong></span> <span class='ocrx_word' id='word_1_20' title='bbox 1305 356 1435 401; x_wconf 89' lang='lat' dir='ltr'><strong>omnia,</strong></span> 
     </span>
     <span class='ocr_line' id='line_1_5' title="bbox 176 412 1435 461; baseline -0.002 -9"><span class='ocrx_word' id='word_1_21' title='bbox 176 415 318 461; x_wconf 76' lang='lat' dir='ltr'><strong>praeter</strong></span> <span class='ocrx_word' id='word_1_22' title='bbox 332 413 518 461; x_wconf 75' lang='lat' dir='ltr'>Varronis,</span> <span class='ocrx_word' id='word_1_23' title='bbox 537 412 647 460; x_wconf 82' lang='lat' dir='ltr'><strong>Festi,</strong></span> <span class='ocrx_word' id='word_1_24' title='bbox 661 412 782 461; x_wconf 88' lang='lat' dir='ltr'><strong>Nonii,</strong></span> <span class='ocrx_word' id='word_1_25' title='bbox 800 413 1025 460; x_wconf 87' lang='lat' dir='ltr'><strong>reperiuntur</strong></span> <span class='ocrx_word' id='word_1_26' title='bbox 1039 413 1077 450; x_wconf 88' lang='lat' dir='ltr'><strong>in</strong></span> <span class='ocrx_word' id='word_1_27' title='bbox 1093 413 1243 461; x_wconf 79' lang='lat' dir='ltr'><strong>syllogis</strong></span> <span class='ocrx_word' id='word_1_28' title='bbox 1259 425 1435 461; x_wconf 82' lang='lat' dir='ltr'><strong>gramma-</strong></span> 
     </span>
     <span class='ocr_line' id='line_1_6' title="bbox 176 471 1434 521; baseline -0.001 -13"><span class='ocrx_word' id='word_1_29' title='bbox 176 474 328 510; x_wconf 89' lang='lat' dir='ltr'><strong>ticorum</strong></span> <span class='ocrx_word' id='word_1_30' title='bbox 353 473 399 508; x_wconf 81' lang='lat' dir='ltr'><strong>ab</strong></span> <span class='ocrx_word' id='word_1_31' title='bbox 423 472 507 509; x_wconf 82' lang='lat' dir='ltr'><strong>Elia</strong></span> <span class='ocrx_word' id='word_1_32' title='bbox 526 472 697 508; x_wconf 87' lang='lat' dir='ltr'><strong>Putschio</strong></span> <span class='ocrx_word' id='word_1_33' title='bbox 717 471 924 521; x_wconf 77' lang='lat' dir='ltr'><strong>[Hanoviae</strong></span> <span class='ocrx_word' id='word_1_34' title='bbox 947 472 1055 516; x_wconf 87' lang='lat'>1605]</span> <span class='ocrx_word' id='word_1_35' title='bbox 1083 475 1120 507; x_wconf 89' lang='lat' dir='ltr'><strong>et</strong></span> <span class='ocrx_word' id='word_1_36' title='bbox 1144 472 1300 507; x_wconf 89' lang='lat' dir='ltr'><strong>Henrico</strong></span> <span class='ocrx_word' id='word_1_37' title='bbox 1319 472 1434 507; x_wconf 82' lang='lat' dir='ltr'><strong>Keilio</strong></span> 
     </span>
     <span class='ocr_line' id='line_1_7' title="bbox 177 529 1129 577; baseline -0.001 -11"><span class='ocrx_word' id='word_1_38' title='bbox 177 542 219 566; x_wconf 87' lang='lat' dir='ltr'><strong>ac</strong></span> <span class='ocrx_word' id='word_1_39' title='bbox 243 530 400 566; x_wconf 66' lang='lat' dir='ltr'><strong>Martino</strong></span> <span class='ocrx_word' id='word_1_40' title='bbox 425 529 571 566; x_wconf 90' lang='lat' dir='ltr'><strong>Hertzio</strong></span> <span class='ocrx_word' id='word_1_41' title='bbox 596 530 700 566; x_wconf 89' lang='lat' dir='ltr'><strong>editis</strong></span> <span class='ocrx_word' id='word_1_42' title='bbox 728 530 885 577; x_wconf 76' lang='lat' dir='ltr'><strong>[Lipsiae</strong></span> <span class='ocrx_word' id='word_1_43' title='bbox 912 530 1004 567; x_wconf 81' lang='lat'>1857</span> <span class='ocrx_word' id='word_1_44' title='bbox 1026 531 1129 577; x_wconf 85' lang='lat' dir='ltr'><strong>sqq.].</strong></span> 
     </span>
    </p>

    <p class='ocr_par' dir='ltr' id='par_1_4' title="bbox 178 580 1436 695">
     <span class='ocr_line' id='line_1_8' title="bbox 276 580 1435 639; baseline -0.001 -14"><span class='ocrx_word' id='word_1_45' title='bbox 276 589 345 631; x_wconf 86' lang='lat' dir='ltr'><strong>Qui</strong></span> <span class='ocrx_word' id='word_1_46' title='bbox 383 589 537 636; x_wconf 87' lang='lat' dir='ltr'>proximi</span> <span class='ocrx_word' id='word_1_47' title='bbox 576 589 723 626; x_wconf 88' lang='lat' dir='ltr'><strong>fuerunt</strong></span> <span class='ocrx_word' id='word_1_48' title='bbox 761 589 982 636; x_wconf 71' lang='lat' dir='ltr'><strong>temporibus</strong></span> <span class='ocrx_word' id='word_1_49' title='bbox 1022 588 1238 639; x_wconf 81' lang='lat' dir='ltr'><strong>Cassiodorii</strong></span> <span class='ocrx_word' id='word_1_50' title='bbox 1277 580 1435 625; x_wconf 83' lang='lat' dir='ltr'><strong>Isidorus</strong></span> 
     </span>
     <span class='ocr_line' id='line_1_9' title="bbox 178 647 1436 695; baseline -0.002 -11"><span class='ocrx_word' id='word_1_51' title='bbox 178 648 222 693; x_wconf 85' lang='lat' dir='ltr'><strong>(c.</strong></span> <span class='ocrx_word' id='word_1_52' title='bbox 255 661 285 683; x_wconf 84' lang='lat' dir='ltr'><strong>a.</strong></span> <span class='ocrx_word' id='word_1_53' title='bbox 317 647 404 695; x_wconf 90' lang='grc'>600)</span> <span class='ocrx_word' id='word_1_54' title='bbox 447 650 484 683; x_wconf 88' lang='lat' dir='ltr'><strong>et</strong></span> <span class='ocrx_word' id='word_1_55' title='bbox 517 648 616 683; x_wconf 86' lang='lat' dir='ltr'><strong>Beda</strong></span> <span class='ocrx_word' id='word_1_56' title='bbox 649 648 697 694; x_wconf 90' lang='lat' dir='ltr'><strong>(c.</strong></span> <span class='ocrx_word' id='word_1_57' title='bbox 727 661 758 683; x_wconf 89' lang='lat' dir='ltr'><strong>a.</strong></span> <span class='ocrx_word' id='word_1_58' title='bbox 790 648 877 693; x_wconf 82' lang='lat'>700)</span> <span class='ocrx_word' id='word_1_59' title='bbox 917 649 1058 683; x_wconf 88' lang='lat' dir='ltr'><strong>etiamsi</strong></span> <span class='ocrx_word' id='word_1_60' title='bbox 1092 648 1266 693; x_wconf 79' lang='lat' dir='ltr'><strong>quaedam</strong></span> <span class='ocrx_word' id='word_1_61' title='bbox 1300 648 1436 683; x_wconf 89' lang='lat' dir='ltr'><strong>habent</strong></span> 
     </span>
    </p>
   </div>
   <div class='ocr_carea' id='block_1_4' title="bbox 108 704 1495 810">
    <p class='ocr_par' dir='ltr' id='par_1_5' title="bbox 108 704 1495 810">
     <span class='ocr_line' id='line_1_10' title="bbox 108 704 1436 753; baseline -0.002 -11"><span class='ocrx_word' id='word_1_62' title='bbox 108 726 111 729; x_wconf 78' lang='lat'><em>,</em></span> <span class='ocrx_word' id='word_1_63' title='bbox 177 705 293 752; x_wconf 86' lang='lat' dir='ltr'><strong>petita</strong></span> <span class='ocrx_word' id='word_1_64' title='bbox 321 718 364 741; x_wconf 85' lang='lat' dir='ltr'><strong>ex</strong></span> <span class='ocrx_word' id='word_1_65' title='bbox 395 706 637 753; x_wconf 85' lang='lat' dir='ltr'><strong>grammaticis</strong></span> <span class='ocrx_word' id='word_1_66' title='bbox 668 705 810 753; x_wconf 88' lang='lat' dir='ltr'><strong>scriptis</strong></span> <span class='ocrx_word' id='word_1_67' title='bbox 840 706 973 753; x_wconf 84' lang='lat' dir='ltr'>probae</span> <span class='ocrx_word' id='word_1_68' title='bbox 1004 705 1229 752; x_wconf 74' lang='lat' dir='ltr'><strong>antiquitatis</strong></span> <span class='ocrx_word' id='word_1_69' title='bbox 1256 706 1293 741; x_wconf 92' lang='lat' dir='ltr'><strong>et</strong></span> <span class='ocrx_word' id='word_1_70' title='bbox 1323 705 1369 741; x_wconf 92' lang='lat' dir='ltr'><strong>ob</strong></span> <span class='ocrx_word' id='word_1_71' title='bbox 1399 704 1436 741; x_wconf 90' lang='lat' dir='ltr'><strong>id</strong></span> 
     </span>
     <span class='ocr_line' id='line_1_11' title="bbox 179 764 1495 810; baseline 0 -10"><span class='ocrx_word' id='word_1_72' title='bbox 179 765 266 800; x_wconf 89' lang='lat' dir='ltr'><strong>satis</strong></span> <span class='ocrx_word' id='word_1_73' title='bbox 292 765 492 810; x_wconf 88' lang='lat' dir='ltr'><strong>commoda,</strong></span> <span class='ocrx_word' id='word_1_74' title='bbox 517 765 619 810; x_wconf 88' lang='lat' dir='ltr'><strong>plura</strong></span> <span class='ocrx_word' id='word_1_75' title='bbox 643 767 765 802; x_wconf 88' lang='lat' dir='ltr'><strong>tamen</strong></span> <span class='ocrx_word' id='word_1_76' title='bbox 785 765 938 803; x_wconf 86' lang='lat' dir='ltr'><strong>afferunt</strong></span> <span class='ocrx_word' id='word_1_77' title='bbox 963 765 1018 801; x_wconf 91' lang='lat' dir='ltr'><strong>sui</strong></span> <span class='ocrx_word' id='word_1_78' title='bbox 1038 765 1117 801; x_wconf 85' lang='lat' dir='ltr'><strong>aevi</strong></span> <span class='ocrx_word' id='word_1_79' title='bbox 1142 764 1329 801; x_wconf 87' lang='lat' dir='ltr'><strong>barbariae</strong></span> <span class='ocrx_word' id='word_1_80' title='bbox 1354 776 1435 800; x_wconf 92' lang='lat' dir='ltr'><strong>con·</strong></span> <span class='ocrx_word' id='word_1_81' title='bbox 1490 768 1495 772; x_wconf 81' lang='grc'><strong>”</strong></span> 
     </span>
    </p>
   </div>
   <div class='ocr_carea' id='block_1_5' title="bbox 179 822 1439 985">
    <p class='ocr_par' dir='ltr' id='par_1_6' title="bbox 179 822 1439 985">
     <span class='ocr_line' id='line_1_12' title="bbox 179 822 1436 869; baseline -0.001 -11"><span class='ocrx_word' id='word_1_82' title='bbox 179 834 268 869; x_wconf 86' lang='lat' dir='ltr'><strong>grua</strong></span> <span class='ocrx_word' id='word_1_83' title='bbox 302 825 338 857; x_wconf 90' lang='lat' dir='ltr'><strong>et</strong></span> <span class='ocrx_word' id='word_1_84' title='bbox 372 823 544 859; x_wconf 87' lang='lat' dir='ltr'><strong>memoria</strong></span> <span class='ocrx_word' id='word_1_85' title='bbox 581 835 708 868; x_wconf 89' lang='lat' dir='ltr'><strong>parum</strong></span> <span class='ocrx_word' id='word_1_86' title='bbox 742 823 861 869; x_wconf 83' lang='lat' dir='ltr'><strong>digna.</strong></span> <span class='ocrx_word' id='word_1_87' title='bbox 917 822 1083 858; x_wconf 83' lang='lat' dir='ltr'><strong>Ceterum</strong></span> <span class='ocrx_word' id='word_1_88' title='bbox 1123 823 1436 869; x_wconf 86' lang='lat' dir='ltr'><strong>grammaticorum</strong></span> 
     </span>
     <span class='ocr_line' id='line_1_13' title="bbox 179 880 1439 928; baseline -0.001 -12"><span class='ocrx_word' id='word_1_89' title='bbox 179 881 286 916; x_wconf 87' lang='lat' dir='ltr'><strong>medii</strong></span> <span class='ocrx_word' id='word_1_90' title='bbox 311 881 389 916; x_wconf 86' lang='lat' dir='ltr'><strong>aevi</strong></span> <span class='ocrx_word' id='word_1_91' title='bbox 415 881 533 916; x_wconf 81' lang='lat' dir='ltr'><strong>studia</strong></span> <span class='ocrx_word' id='word_1_92' title='bbox 553 881 642 916; x_wconf 85' lang='lat' dir='ltr'><strong>satis</strong></span> <span class='ocrx_word' id='word_1_93' title='bbox 663 883 815 928; x_wconf 79' lang='lat' dir='ltr'><strong>possunt</strong></span> <span class='ocrx_word' id='word_1_94' title='bbox 839 881 991 927; x_wconf 81' lang='lat' dir='ltr'><strong>perdisci</strong></span> <span class='ocrx_word' id='word_1_95' title='bbox 1016 893 1058 917; x_wconf 87' lang='lat' dir='ltr'><strong>ex</strong></span> <span class='ocrx_word' id='word_1_96' title='bbox 1077 880 1278 916; x_wconf 88' lang='lat' dir='ltr'><strong>Hermanni</strong></span> <span class='ocrx_word' id='word_1_97' title='bbox 1296 880 1439 927; x_wconf 86' lang='lat' dir='ltr'><strong>Hageni</strong></span> 
     </span>
     <span class='ocr_line' id='line_1_14' title="bbox 179 938 1076 985; baseline 0.001 -11"><span class='ocrx_word' id='word_1_98' title='bbox 179 939 360 976; x_wconf 73' lang='lat' dir='ltr'><strong>anecdotis</strong></span> <span class='ocrx_word' id='word_1_99' title='bbox 386 939 579 975; x_wconf 86' lang='lat' dir='ltr'><strong>Helveticis</strong></span> <span class='ocrx_word' id='word_1_100' title='bbox 607 938 764 985; x_wconf 83' lang='lat' dir='ltr'><strong>[Lipsiae</strong></span> <span class='ocrx_word' id='word_1_101' title='bbox 788 938 1076 983; x_wconf 70' lang='lat' dir='ltr'><strong>MDCGOLXXJ.</strong></span> 
     </span>
    </p>
   </div>
   <div class='ocr_carea' id='block_1_6' title="bbox 765 1037 854 1081">
    <p class='ocr_par' dir='ltr' id='par_1_7' title="bbox 765 1037 854 1081">
     <span class='ocr_line' id='line_1_15' title="bbox 765 1037 854 1081; baseline 0 -10"><span class='ocrx_word' id='word_1_102' title='bbox 765 1038 796 1081; x_wconf 62' lang='lat' dir='ltr'><strong>s.</strong></span> <span class='ocrx_word' id='word_1_103' title='bbox 822 1037 854 1071; x_wconf 86' lang='lat'><strong>3.</strong></span> 
     </span>
    </p>
   </div>
   <div class='ocr_carea' id='block_1_7' title="bbox 668 1110 948 1140">
    <p class='ocr_par' dir='ltr' id='par_1_8' title="bbox 668 1110 948 1140">
     <span class='ocr_line' id='line_1_16' title="bbox 668 1110 948 1140; baseline 0 0"><span class='ocrx_word' id='word_1_104' title='bbox 668 1110 722 1140; x_wconf 86' lang='lat' dir='ltr'><strong>De</strong></span> <span class='ocrx_word' id='word_1_105' title='bbox 748 1110 948 1140; x_wconf 79' lang='lat' dir='ltr'><strong>codicibus.</strong></span> 
     </span>
    </p>
   </div>
   <div class='ocr_carea' id='block_1_8' title="bbox 140 1172 1441 1921">
    <p class='ocr_par' dir='ltr' id='par_1_9' title="bbox 140 1172 1441 1921">
     <span class='ocr_line' id='line_1_17' title="bbox 278 1172 1436 1220; baseline 0.001 -12"><span class='ocrx_word' id='word_1_106' title='bbox 278 1172 458 1209; x_wconf 84' lang='lat' dir='ltr'><strong>Secundus</strong></span> <span class='ocrx_word' id='word_1_107' title='bbox 496 1173 578 1209; x_wconf 88' lang='lat' dir='ltr'><strong>fons</strong></span> <span class='ocrx_word' id='word_1_108' title='bbox 613 1173 891 1220; x_wconf 87' lang='lat' dir='ltr'><strong>orthographiae</strong></span> <span class='ocrx_word' id='word_1_109' title='bbox 926 1172 1076 1208; x_wconf 84' lang='lat' dir='ltr'><strong>Latinae</strong></span> <span class='ocrx_word' id='word_1_110' title='bbox 1116 1173 1282 1209; x_wconf 72' lang='lat' dir='ltr'><strong>codicibus</strong></span> <span class='ocrx_word' id='word_1_111' title='bbox 1315 1185 1436 1209; x_wconf 77' lang='lat' dir='ltr'><strong>manu-</strong></span> 
     </span>
     <span class='ocr_line' id='line_1_18' title="bbox 179 1230 1438 1278; baseline -0.001 -11"><span class='ocrx_word' id='word_1_112' title='bbox 179 1232 314 1277; x_wconf 47' lang='lat' dir='ltr'><strong>scriptis</strong></span> <span class='ocrx_word' id='word_1_113' title='bbox 333 1231 548 1278; x_wconf 79' lang='lat' dir='ltr'><strong>continetur,</strong></span> <span class='ocrx_word' id='word_1_114' title='bbox 574 1232 635 1277; x_wconf 90' lang='lat' dir='ltr'><strong>qui</strong></span> <span class='ocrx_word' id='word_1_115' title='bbox 655 1245 677 1267; x_wconf 88' lang='lat' dir='ltr'><strong>a</strong></span> <span class='ocrx_word' id='word_1_116' title='bbox 697 1233 824 1278; x_wconf 88' lang='lat' dir='ltr'><strong>quarto</strong></span> <span class='ocrx_word' id='word_1_117' title='bbox 844 1231 925 1268; x_wconf 89' lang='lat' dir='ltr'><strong>inde</strong></span> <span class='ocrx_word' id='word_1_118' title='bbox 945 1244 979 1277; x_wconf 89' lang='lat' dir='ltr'><strong>p.</strong></span> <span class='ocrx_word' id='word_1_119' title='bbox 1000 1230 1081 1267; x_wconf 83' lang='lat' dir='ltr'><strong>Chr.</strong></span> <span class='ocrx_word' id='word_1_120' title='bbox 1101 1245 1135 1267; x_wconf 92' lang='lat' dir='ltr'><strong>n.</strong></span> <span class='ocrx_word' id='word_1_121' title='bbox 1156 1232 1298 1267; x_wconf 86' lang='lat' dir='ltr'><strong>saeculo</strong></span> <span class='ocrx_word' id='word_1_122' title='bbox 1317 1232 1438 1266; x_wconf 89' lang='lat' dir='ltr'><strong>ferun-</strong></span> 
     </span>
     <span class='ocr_line' id='line_1_19' title="bbox 181 1289 1437 1337; baseline 0 -12"><span class='ocrx_word' id='word_1_123' title='bbox 181 1292 239 1326; x_wconf 91' lang='lat' dir='ltr'><strong>tur</strong></span> <span class='ocrx_word' id='word_1_124' title='bbox 262 1290 415 1336; x_wconf 89' lang='lat' dir='ltr'><strong>plurimi.</strong></span> <span class='ocrx_word' id='word_1_125' title='bbox 461 1289 617 1332; x_wconf 83' lang='lat' dir='ltr'><strong>Quorum</strong></span> <span class='ocrx_word' id='word_1_126' title='bbox 642 1289 786 1337; x_wconf 86' lang='lat' dir='ltr'><strong>quidem</strong></span> <span class='ocrx_word' id='word_1_127' title='bbox 805 1289 1020 1326; x_wconf 85' lang='lat' dir='ltr'><strong>testimoniis</strong></span> <span class='ocrx_word' id='word_1_128' title='bbox 1046 1302 1088 1325; x_wconf 93' lang='lat' dir='ltr'><strong>eo</strong></span> <span class='ocrx_word' id='word_1_129' title='bbox 1110 1290 1189 1336; x_wconf 88' lang='lat' dir='ltr'><strong>plus</strong></span> <span class='ocrx_word' id='word_1_130' title='bbox 1211 1292 1360 1336; x_wconf 88' lang='lat' dir='ltr'><strong>apparet</strong></span> <span class='ocrx_word' id='word_1_131' title='bbox 1384 1290 1437 1325; x_wconf 90' lang='lat' dir='ltr'><strong>in-</strong></span> 
     </span>
     <span class='ocr_line' id='line_1_20' title="bbox 182 1348 1438 1395; baseline -0.001 -11"><span class='ocrx_word' id='word_1_132' title='bbox 182 1360 257 1384; x_wconf 87' lang='lat' dir='ltr'><strong>esse</strong></span> <span class='ocrx_word' id='word_1_133' title='bbox 283 1348 524 1394; x_wconf 79' lang='lat' dir='ltr'><strong>auctoritatis,</strong></span> <span class='ocrx_word' id='word_1_134' title='bbox 555 1361 625 1394; x_wconf 91' lang='lat' dir='ltr'><strong>quo</strong></span> <span class='ocrx_word' id='word_1_135' title='bbox 651 1348 767 1395; x_wconf 89' lang='lat' dir='ltr'><strong>magis</strong></span> <span class='ocrx_word' id='word_1_136' title='bbox 794 1350 878 1383; x_wconf 92' lang='lat' dir='ltr'><strong>sunt</strong></span> <span class='ocrx_word' id='word_1_137' title='bbox 908 1350 944 1383; x_wconf 91' lang='lat' dir='ltr'><strong>et</strong></span> <span class='ocrx_word' id='word_1_138' title='bbox 974 1348 1186 1394; x_wconf 77' lang='lat' dir='ltr'><strong>antiquitate</strong></span> <span class='ocrx_word' id='word_1_139' title='bbox 1217 1348 1376 1394; x_wconf 82' lang='lat' dir='ltr'><strong>insignes</strong></span> <span class='ocrx_word' id='word_1_140' title='bbox 1402 1351 1438 1383; x_wconf 89' lang='lat' dir='ltr'><strong>et</strong></span> 
     </span>
     <span class='ocr_line' id='line_1_21' title="bbox 181 1406 1438 1455; baseline 0 -13"><span class='ocrx_word' id='word_1_141' title='bbox 181 1419 274 1442; x_wconf 87' lang='lat' dir='ltr'><strong>cura.</strong></span> <span class='ocrx_word' id='word_1_142' title='bbox 323 1406 374 1442; x_wconf 84' lang='lat' dir='ltr'><strong>Et</strong></span> <span class='ocrx_word' id='word_1_143' title='bbox 393 1407 481 1442; x_wconf 88' lang='lat' dir='ltr'><strong>satis</strong></span> <span class='ocrx_word' id='word_1_144' title='bbox 507 1408 649 1442; x_wconf 85' lang='lat' dir='ltr'><strong>constat</strong></span> <span class='ocrx_word' id='word_1_145' title='bbox 673 1406 712 1442; x_wconf 89' lang='lat' dir='ltr'><strong>in</strong></span> <span class='ocrx_word' id='word_1_146' title='bbox 737 1406 860 1455; x_wconf 83' lang='lat' dir='ltr'><strong>multis</strong></span> <span class='ocrx_word' id='word_1_147' title='bbox 890 1406 992 1442; x_wconf 85' lang='lat' dir='ltr'><strong>libris</strong></span> <span class='ocrx_word' id='word_1_148' title='bbox 1018 1406 1258 1442; x_wconf 87' lang='lat' dir='ltr'><strong>describendis</strong></span> <span class='ocrx_word' id='word_1_149' title='bbox 1278 1407 1438 1442; x_wconf 82' lang='lat' dir='ltr'><strong>versatos</strong></span> 
     </span>
     <span class='ocr_line' id='line_1_22' title="bbox 181 1464 1439 1511; baseline 0 -12"><span class='ocrx_word' id='word_1_150' title='bbox 181 1476 257 1500; x_wconf 87' lang='lat' dir='ltr'><strong>esse</strong></span> <span class='ocrx_word' id='word_1_151' title='bbox 277 1465 439 1500; x_wconf 90' lang='lat' dir='ltr'><strong>homines</strong></span> <span class='ocrx_word' id='word_1_152' title='bbox 465 1467 501 1499; x_wconf 89' lang='lat' dir='ltr'><strong>et</strong></span> <span class='ocrx_word' id='word_1_153' title='bbox 520 1464 640 1499; x_wconf 84' lang='lat' dir='ltr'><strong>Latini</strong></span> <span class='ocrx_word' id='word_1_154' title='bbox 661 1465 834 1500; x_wconf 89' lang='lat' dir='ltr'><strong>sermonis</strong></span> <span class='ocrx_word' id='word_1_155' title='bbox 855 1467 892 1499; x_wconf 88' lang='lat' dir='ltr'><strong>et</strong></span> <span class='ocrx_word' id='word_1_156' title='bbox 911 1464 1031 1510; x_wconf 86' lang='lat' dir='ltr'><strong>legum</strong></span> <span class='ocrx_word' id='word_1_157' title='bbox 1052 1476 1074 1499; x_wconf 87' lang='lat' dir='ltr'><strong>a</strong></span> <span class='ocrx_word' id='word_1_158' title='bbox 1094 1464 1337 1511; x_wconf 84' lang='lat' dir='ltr'><strong>grammaticis</strong></span> <span class='ocrx_word' id='word_1_159' title='bbox 1358 1477 1439 1500; x_wconf 93' lang='lat' dir='ltr'><strong>con-</strong></span> 
     </span>
     <span class='ocr_line' id='line_1_23' title="bbox 181 1512 1440 1568; baseline 0 -11"><span class='ocrx_word' id='word_1_160' title='bbox 181 1523 388 1558; x_wconf 85' lang='lat' dir='ltr'><strong>stitutarum</strong></span> <span class='ocrx_word' id='word_1_161' title='bbox 413 1522 502 1557; x_wconf 90' lang='lat' dir='ltr'><strong>bene</strong></span> <span class='ocrx_word' id='word_1_162' title='bbox 527 1533 667 1568; x_wconf 89' lang='lat' dir='ltr'><strong>gnaros.</strong></span> <span class='ocrx_word' id='word_1_163' title='bbox 719 1521 788 1557; x_wconf 84' lang='lat' dir='ltr'><strong>Sed</strong></span> <span class='ocrx_word' id='word_1_164' title='bbox 812 1522 872 1557; x_wconf 85' lang='lat' dir='ltr'><strong>vix</strong></span> <span class='ocrx_word' id='word_1_165' title='bbox 895 1521 1080 1568; x_wconf 85' lang='lat' dir='ltr'><strong>pauciores</strong></span> <span class='ocrx_word' id='word_1_166' title='bbox 1105 1512 1343 1568; x_wconf 78' lang='lat' dir='ltr'><strong>reperiuntur,</strong></span> <span class='ocrx_word' id='word_1_167' title='bbox 1368 1522 1440 1568; x_wconf 88' lang='lat' dir='ltr'><strong>qui,</strong></span> 
     </span>
     <span class='ocr_line' id='line_1_24' title="bbox 182 1581 1440 1627; baseline 0.001 -11"><span class='ocrx_word' id='word_1_168' title='bbox 182 1581 411 1627; x_wconf 77' lang='lat' dir='ltr'><strong>quantumvis</strong></span> <span class='ocrx_word' id='word_1_169' title='bbox 446 1582 623 1617; x_wconf 86' lang='lat' dir='ltr'><strong>vetustate</strong></span> <span class='ocrx_word' id='word_1_170' title='bbox 662 1581 856 1625; x_wconf 88' lang='lat' dir='ltr'><strong>notabiles,</strong></span> <span class='ocrx_word' id='word_1_171' title='bbox 898 1581 1034 1617; x_wconf 84' lang='lat' dir='ltr'><strong>exarati</strong></span> <span class='ocrx_word' id='word_1_172' title='bbox 1068 1581 1140 1617; x_wconf 89' lang='lat' dir='ltr'><strong>sint</strong></span> <span class='ocrx_word' id='word_1_173' title='bbox 1180 1593 1260 1617; x_wconf 89' lang='lat' dir='ltr'><strong>cum</strong></span> <span class='ocrx_word' id='word_1_174' title='bbox 1300 1593 1440 1617; x_wconf 90' lang='lat' dir='ltr'><strong>summa</strong></span> 
     </span>
     <span class='ocr_line' id='line_1_25' title="bbox 140 1639 1439 1686; baseline 0.001 -12"><span class='ocrx_word' id='word_1_175' title='bbox 140 1661 153 1670; x_wconf 81' lang='lat'><em>-</em></span> <span class='ocrx_word' id='word_1_176' title='bbox 180 1639 404 1686; x_wconf 84' lang='lat' dir='ltr'><strong>neglegentia</strong></span> <span class='ocrx_word' id='word_1_177' title='bbox 428 1639 685 1686; x_wconf 86' lang='lat' dir='ltr'><strong>imperitiaque.</strong></span> <span class='ocrx_word' id='word_1_178' title='bbox 734 1639 932 1676; x_wconf 89' lang='lat' dir='ltr'><strong>Plurimum</strong></span> <span class='ocrx_word' id='word_1_179' title='bbox 958 1641 1076 1675; x_wconf 84' lang='lat' dir='ltr'><strong>autem</strong></span> <span class='ocrx_word' id='word_1_180' title='bbox 1097 1639 1234 1675; x_wconf 86' lang='lat' dir='ltr'><strong>faciunt</strong></span> <span class='ocrx_word' id='word_1_181' title='bbox 1253 1639 1298 1675; x_wconf 81' lang='lat' dir='ltr'><strong>ad</strong></span> <span class='ocrx_word' id='word_1_182' title='bbox 1320 1639 1439 1676; x_wconf 85' lang='lat' dir='ltr'><strong>ortho-</strong></span> 
     </span>
     <span class='ocr_line' id='line_1_26' title="bbox 181 1695 1441 1745; baseline 0 -11"><span class='ocrx_word' id='word_1_183' title='bbox 181 1695 369 1745; x_wconf 72' lang='lat' dir='ltr'><strong>graphiam</strong></span> <span class='ocrx_word' id='word_1_184' title='bbox 389 1698 672 1738; x_wconf 88' lang='lat' dir='ltr'><strong>constituendam</strong></span> <span class='ocrx_word' id='word_1_185' title='bbox 693 1698 830 1735; x_wconf 89' lang='lat' dir='ltr'><strong>codices</strong></span> <span class='ocrx_word' id='word_1_186' title='bbox 851 1711 940 1735; x_wconf 86' lang='lat' dir='ltr'><strong>saec.</strong></span> <span class='ocrx_word' id='word_1_187' title='bbox 960 1697 1147 1742; x_wconf 92' lang='lat' dir='ltr'>IV—VII‚</span> <span class='ocrx_word' id='word_1_188' title='bbox 1173 1698 1294 1745; x_wconf 89' lang='lat' dir='ltr'><strong>quales</strong></span> <span class='ocrx_word' id='word_1_189' title='bbox 1316 1700 1441 1735; x_wconf 85' lang='lat' dir='ltr'><strong>extant</strong></span> 
     </span>
     <span class='ocr_line' id='line_1_27' title="bbox 181 1757 1440 1804; baseline 0.002 -13"><span class='ocrx_word' id='word_1_190' title='bbox 181 1769 254 1792; x_wconf 90' lang='lat' dir='ltr'><strong>non</strong></span> <span class='ocrx_word' id='word_1_191' title='bbox 285 1757 337 1791; x_wconf 88' lang='lat' dir='ltr'><strong>ita</strong></span> <span class='ocrx_word' id='word_1_192' title='bbox 371 1757 485 1802; x_wconf 88' lang='lat' dir='ltr'><strong>pauci.</strong></span> <span class='ocrx_word' id='word_1_193' title='bbox 534 1757 799 1794; x_wconf 85' lang='lat' dir='ltr'><strong>Posterioribus</strong></span> <span class='ocrx_word' id='word_1_194' title='bbox 832 1757 927 1793; x_wconf 89' lang='lat' dir='ltr'><strong>enim</strong></span> <span class='ocrx_word' id='word_1_195' title='bbox 957 1757 1065 1793; x_wconf 90' lang='lat' dir='ltr'><strong>medii</strong></span> <span class='ocrx_word' id='word_1_196' title='bbox 1096 1757 1174 1793; x_wconf 89' lang='lat' dir='ltr'><strong>aevi</strong></span> <span class='ocrx_word' id='word_1_197' title='bbox 1208 1758 1440 1804; x_wconf 77' lang='lat' dir='ltr'><strong>temporibus,</strong></span> 
     </span>
     <span class='ocr_line' id='line_1_28' title="bbox 182 1814 1441 1862; baseline 0.002 -12"><span class='ocrx_word' id='word_1_198' title='bbox 182 1814 333 1850; x_wconf 87' lang='lat' dir='ltr'><strong>maxime</strong></span> <span class='ocrx_word' id='word_1_199' title='bbox 359 1827 381 1851; x_wconf 89' lang='lat' dir='ltr'><strong>a</strong></span> <span class='ocrx_word' id='word_1_200' title='bbox 406 1815 547 1851; x_wconf 89' lang='lat' dir='ltr'><strong>saeculo</strong></span> <span class='ocrx_word' id='word_1_201' title='bbox 572 1815 655 1851; x_wconf 89' lang='lat' dir='ltr'><strong>inde</strong></span> <span class='ocrx_word' id='word_1_202' title='bbox 680 1815 747 1862; x_wconf 87' lang='lat' dir='ltr'><strong>XI,</strong></span> <span class='ocrx_word' id='word_1_203' title='bbox 779 1816 932 1852; x_wconf 85' lang='lat' dir='ltr'><strong>accrevit</strong></span> <span class='ocrx_word' id='word_1_204' title='bbox 961 1816 1129 1852; x_wconf 89' lang='lat' dir='ltr'><strong>continuo</strong></span> <span class='ocrx_word' id='word_1_205' title='bbox 1160 1815 1297 1852; x_wconf 90' lang='lat' dir='ltr'><strong>incuria</strong></span> <span class='ocrx_word' id='word_1_206' title='bbox 1323 1815 1441 1852; x_wconf 90' lang='lat' dir='ltr'><strong>ortho-</strong></span> 
     </span>
     <span class='ocr_line' id='line_1_29' title="bbox 183 1874 838 1921; baseline 0.002 -13"><span class='ocrx_word' id='word_1_207' title='bbox 183 1874 354 1920; x_wconf 81' lang='lat' dir='ltr'><strong>graphiae</strong></span> <span class='ocrx_word' id='word_1_208' title='bbox 379 1874 518 1920; x_wconf 86' lang='lat' dir='ltr'><strong>priscae</strong></span> <span class='ocrx_word' id='word_1_209' title='bbox 544 1876 580 1909; x_wconf 90' lang='lat' dir='ltr'><strong>et</strong></span> <span class='ocrx_word' id='word_1_210' title='bbox 603 1875 838 1921; x_wconf 89' lang='lat' dir='ltr'><strong>incorruptae.</strong></span> 
     </span>
    </p>
   </div>
   <div class='ocr_carea' id='block_1_9' title="bbox 183 1972 1442 2448">
    <p class='ocr_par' dir='ltr' id='par_1_10' title="bbox 616 1972 1011 2083">
     <span class='ocr_line' id='line_1_30' title="bbox 769 1972 859 2016; baseline 0 -9"><span class='ocrx_word' id='word_1_211' title='bbox 769 1973 801 2016; x_wconf 68' lang='grc' dir='ltr'><strong>ξ.</strong></span> <span class='ocrx_word' id='word_1_212' title='bbox 826 1972 859 2007; x_wconf 89' lang='grc'><strong>4.</strong></span> 
     </span>
     <span class='ocr_line' id='line_1_31' title="bbox 616 2045 1011 2083; baseline 0.005 -9"><span class='ocrx_word' id='word_1_213' title='bbox 616 2046 670 2075; x_wconf 88' lang='lat' dir='ltr'><strong>De</strong></span> <span class='ocrx_word' id='word_1_214' title='bbox 696 2045 1011 2083; x_wconf 85' lang='lat' dir='ltr'><strong>inscriptionibus.</strong></span> 
     </span>
    </p>

    <p class='ocr_par' dir='ltr' id='par_1_11' title="bbox 183 2108 1442 2448">
     <span class='ocr_line' id='line_1_32' title="bbox 281 2108 1441 2154; baseline -0.001 -9"><span class='ocrx_word' id='word_1_215' title='bbox 281 2108 382 2150; x_wconf 83' lang='lat' dir='ltr'><strong>Quod</strong></span> <span class='ocrx_word' id='word_1_216' title='bbox 408 2120 487 2144; x_wconf 90' lang='lat' dir='ltr'><strong>cum</strong></span> <span class='ocrx_word' id='word_1_217' title='bbox 512 2108 564 2143; x_wconf 87' lang='lat' dir='ltr'><strong>ita</strong></span> <span class='ocrx_word' id='word_1_218' title='bbox 584 2108 647 2154; x_wconf 87' lang='lat' dir='ltr'><strong>sit,</strong></span> <span class='ocrx_word' id='word_1_219' title='bbox 671 2108 767 2144; x_wconf 86' lang='lat' dir='ltr'><strong>felici</strong></span> <span class='ocrx_word' id='word_1_220' title='bbox 787 2108 915 2146; x_wconf 87' lang='lat' dir='ltr'><strong>accidit</strong></span> <span class='ocrx_word' id='word_1_221' title='bbox 940 2121 1042 2154; x_wconf 87' lang='lat' dir='ltr'><strong>casu,</strong></span> <span class='ocrx_word' id='word_1_222' title='bbox 1067 2110 1108 2143; x_wconf 89' lang='lat' dir='ltr'><strong>ut</strong></span> <span class='ocrx_word' id='word_1_223' title='bbox 1126 2110 1182 2143; x_wconf 89' lang='lat' dir='ltr'><strong>tot</strong></span> <span class='ocrx_word' id='word_1_224' title='bbox 1206 2109 1441 2154; x_wconf 66' lang='lat' dir='ltr'><strong>immpbiones</strong></span> 
     </span>
     <span class='ocr_line' id='line_1_33' title="bbox 183 2166 1440 2213; baseline 0.001 -11"><span class='ocrx_word' id='word_1_225' title='bbox 183 2169 245 2202; x_wconf 87' lang='lat' dir='ltr'><strong>aut</strong></span> <span class='ocrx_word' id='word_1_226' title='bbox 276 2179 361 2202; x_wconf 84' lang='lat' dir='ltr'><strong>saxo</strong></span> <span class='ocrx_word' id='word_1_227' title='bbox 391 2166 523 2202; x_wconf 87' lang='lat' dir='ltr'><strong>incisae</strong></span> <span class='ocrx_word' id='word_1_228' title='bbox 549 2168 611 2201; x_wconf 90' lang='lat' dir='ltr'><strong>aut</strong></span> <span class='ocrx_word' id='word_1_229' title='bbox 636 2167 710 2207; x_wconf 82' lang='lat' dir='ltr'><strong>aeri</strong></span> <span class='ocrx_word' id='word_1_230' title='bbox 740 2168 974 2202; x_wconf 84' lang='lat' dir='ltr'><strong>servarentur.</strong></span> <span class='ocrx_word' id='word_1_231' title='bbox 1024 2166 1173 2212; x_wconf 83' lang='lat' dir='ltr'><strong>Earum,</strong></span> <span class='ocrx_word' id='word_1_232' title='bbox 1207 2179 1299 2213; x_wconf 88' lang='lat' dir='ltr'><strong>quae</strong></span> <span class='ocrx_word' id='word_1_233' title='bbox 1329 2179 1440 2213; x_wconf 80' lang='lat' dir='ltr'><strong>usque</strong></span> 
     </span>
     <span class='ocr_line' id='line_1_34' title="bbox 184 2215 1441 2270; baseline 0.001 -10"><span class='ocrx_word' id='word_1_234' title='bbox 184 2225 228 2260; x_wconf 90' lang='lat' dir='ltr'><strong>ad</strong></span> <span class='ocrx_word' id='word_1_235' title='bbox 242 2225 366 2268; x_wconf 33' lang='lat' dir='ltr'><strong>*finem</strong></span> <span class='ocrx_word' id='word_1_236' title='bbox 399 2224 531 2264; x_wconf 85' lang='lat' dir='ltr'><strong>liberae</strong></span> <span class='ocrx_word' id='word_1_237' title='bbox 556 2218 608 2259; x_wconf 73' lang='lat' dir='ltr'><strong>rei</strong></span> <span class='ocrx_word' id='word_1_238' title='bbox 633 2224 794 2270; x_wconf 86' lang='lat' dir='ltr'><strong>publicae</strong></span> <span class='ocrx_word' id='word_1_239' title='bbox 819 2215 1001 2261; x_wconf 78' lang='lat' dir='ltr'><strong>Romanae</strong></span> <span class='ocrx_word' id='word_1_240' title='bbox 1026 2224 1243 2270; x_wconf 89' lang='lat' dir='ltr'><strong>pertineant,</strong></span> <span class='ocrx_word' id='word_1_241' title='bbox 1273 2237 1441 2261; x_wconf 87' lang='lat' dir='ltr'><strong>numerus</strong></span> 
     </span>
     <span class='ocr_line' id='line_1_35' title="bbox 184 2283 1442 2331; baseline 0.001 -12"><span class='ocrx_word' id='word_1_242' title='bbox 184 2296 264 2320; x_wconf 89' lang='lat' dir='ltr'><strong>cum</strong></span> <span class='ocrx_word' id='word_1_243' title='bbox 278 2283 329 2319; x_wconf 83' lang='lat' dir='ltr'><strong>sit</strong></span> <span class='ocrx_word' id='word_1_244' title='bbox 344 2283 433 2319; x_wconf 88' lang='lat' dir='ltr'><strong>satis</strong></span> <span class='ocrx_word' id='word_1_245' title='bbox 455 2284 616 2331; x_wconf 85' lang='lat' dir='ltr'><strong>exiguus,</strong></span> <span class='ocrx_word' id='word_1_246' title='bbox 636 2283 763 2331; x_wconf 86' lang='lat' dir='ltr'><strong>ingens</strong></span> <span class='ocrx_word' id='word_1_247' title='bbox 778 2296 889 2331; x_wconf 91' lang='lat' dir='ltr'><strong>prope</strong></span> <span class='ocrx_word' id='word_1_248' title='bbox 905 2284 1003 2320; x_wconf 88' lang='lat' dir='ltr'><strong>extat</strong></span> <span class='ocrx_word' id='word_1_249' title='bbox 1017 2283 1207 2319; x_wconf 88' lang='lat' dir='ltr'><strong>multitudo</strong></span> <span class='ocrx_word' id='word_1_250' title='bbox 1224 2283 1269 2319; x_wconf 88' lang='lat' dir='ltr'><strong>ab</strong></span> <span class='ocrx_word' id='word_1_251' title='bbox 1284 2283 1442 2331; x_wconf 85' lang='lat' dir='ltr'><strong>Augusti</strong></span> 
     </span>
     <span class='ocr_line' id='line_1_36' title="bbox 184 2343 1442 2388; baseline 0.001 -11"><span class='ocrx_word' id='word_1_252' title='bbox 184 2343 267 2378; x_wconf 88' lang='lat' dir='ltr'><strong>inde</strong></span> <span class='ocrx_word' id='word_1_253' title='bbox 297 2345 457 2388; x_wconf 89' lang='lat' dir='ltr'><strong>tempore</strong></span> <span class='ocrx_word' id='word_1_254' title='bbox 490 2343 746 2388; x_wconf 87' lang='lat' dir='ltr'><strong>confectarum,</strong></span> <span class='ocrx_word' id='word_1_255' title='bbox 778 2345 815 2377; x_wconf 89' lang='lat' dir='ltr'><strong>et</strong></span> <span class='ocrx_word' id='word_1_256' title='bbox 845 2343 1013 2378; x_wconf 88' lang='lat' dir='ltr'><strong>continuo</strong></span> <span class='ocrx_word' id='word_1_257' title='bbox 1044 2355 1134 2388; x_wconf 87' lang='lat' dir='ltr'><strong>quae</strong></span> <span class='ocrx_word' id='word_1_258' title='bbox 1168 2345 1349 2388; x_wconf 87' lang='lat' dir='ltr'><strong>augeatur.</strong></span> <span class='ocrx_word' id='word_1_259' title='bbox 1399 2343 1442 2378; x_wconf 91' lang='lat' dir='ltr'><strong>In</strong></span> 
     </span>
     <span class='ocr_line' id='line_1_37' title="bbox 184 2400 1441 2448; baseline -0.001 -11"><span class='ocrx_word' id='word_1_260' title='bbox 184 2401 236 2437; x_wconf 87' lang='lat' dir='ltr'><strong>eis</strong></span> <span class='ocrx_word' id='word_1_261' title='bbox 265 2402 388 2437; x_wconf 87' lang='lat' dir='ltr'><strong>tamen</strong></span> <span class='ocrx_word' id='word_1_262' title='bbox 423 2400 632 2437; x_wconf 90' lang='lat' dir='ltr'><strong>adhibendis</strong></span> <span class='ocrx_word' id='word_1_263' title='bbox 663 2401 785 2437; x_wconf 90' lang='lat' dir='ltr'><strong>eadem</strong></span> <span class='ocrx_word' id='word_1_264' title='bbox 816 2413 905 2448; x_wconf 90' lang='lat' dir='ltr'><strong>opus</strong></span> <span class='ocrx_word' id='word_1_265' title='bbox 936 2401 1098 2437; x_wconf 87' lang='lat' dir='ltr'><strong>cautione</strong></span> <span class='ocrx_word' id='word_1_266' title='bbox 1135 2402 1241 2448; x_wconf 86' lang='lat' dir='ltr'><strong>atque</strong></span> <span class='ocrx_word' id='word_1_267' title='bbox 1271 2401 1309 2436; x_wconf 92' lang='lat' dir='ltr'><strong>in</strong></span> <span class='ocrx_word' id='word_1_268' title='bbox 1339 2401 1441 2437; x_wconf 85' lang='lat' dir='ltr'><strong>libris</strong></span> 
     </span>
    </p>
   </div>
   <div class='ocr_carea' id='block_1_10' title="bbox 1679 0 1835 2904">
    <p class='ocr_par' dir='ltr' id='par_1_12' title="bbox 1679 0 1835 2904">
     <span class='ocr_line' id='line_1_38' title="bbox 1679 0 1835 2904; baseline 0 0"><span class='ocrx_word' id='word_1_269' title='bbox 1679 0 1835 2904; x_wconf 95' lang='lat' dir='ltr'><strong> </strong></span> 
     </span>
    </p>
   </div>
  </div>
 </body>
</html>
