1835 2904
554 230 577 259 1.
613 218 666 258 m:
688 227 1015 259 ORTHOGRAPHIA.
1389 228 1432 262 11

177 319 232 353 dei
255 318 326 354 deols
350 318 381 353 ei
404 318 461 353 eis.
510 317 615 352 Unde
645 317 756 363 igitur
788 316 920 352 abusus
937 317 1010 352 -ille
1039 319 1115 352 tam
1141 317 1308 354 mirificus
1333 317 1433 353 inva-

177 376 269 412 luit?
316 375 497 411 Nolebant
527 375 751 422 grammatici
788 374 1034 411 commendare
1065 375 1199 411 formas
1229 376 1283 411 dei
1312 377 1359 421 ei,
1389 388 1434 411 ne

180 434 303 469 eadem
333 435 427 469 esset
455 429 494 468 in
520 433 700 469 vocabulis
725 445 791 468 usu
821 427 1018 468 tritissimis
1048 433 1258 483 nominativi
1288 434 1435 479 pluralis

179 494 284 539 atque
299 534 303 538 ⁴
316 491 472 539 genetivi
497 485 558 528 veI
579 491 689 527 dativi
715 490 906 539 singularis
938 491 1091 538 speeies,
1118 503 1183 527 nec
1208 490 1324 538 magis
1354 490 1434 526 illas

178 552 215 587 di
239 552 264 597 i,
292 563 337 586 ne
362 551 401 586 in
426 557 510 586 casu
536 550 680 597 obliquo
707 550 880 587 secundae
907 550 1125 597 syllabarum
1150 561 1317 585 numerus
1343 552 1438 585 esset

179 610 296 645 minor
325 621 432 656 quam
464 609 502 644 in
533 621 617 648 casu
648 611 745 645 recto
770 609 985 654 nominativi
1015 609 1205 656 singularis
1235 620 1323 644 neve
1355 621 1435 644 con-

179 669 385 704 funderetur
410 669 425 704 i
449 680 528 704 cum
554 668 763 715 imperativo
790 669 889 704 verbi
913 680 958 703 ee.
1004 667 1115 703 Porro
1142 680 1222 703 cum
1246 667 1284 702 in
1310 667 1437 703 codici-

179 727 246 762 bus
283 726 540 773 antiquissimis
575 739 687 772 paene
729 738 869 772 semper
902 727 1127 761 inveniantur
1160 727 1438 770 semiadapertus,

178 784 372 829 semiustus,
404 784 585 820 semihomo
615 784 762 830 similia,
793 796 873 819 cum
901 786 1024 819 tamen
1048 786 1232 830 poetarum
1267 783 1436 830 exemplis

180 842 364 878 adseratur
387 854 433 878 ne
460 843 568 878 semel
593 843 734 889 quidem
754 843 1020 889 pronuntiatam
1041 854 1119 878 esse
1140 842 1210 892 221ss
1230 843 1326 888 semi,
1353 844 1437 877 ante

180 900 338 935 vocalem
376 900 430 936 vel
464 901 487 935 h
521 901 693 947 positam,
729 903 880 947 apparet
914 900 1139 936 scribendum
1174 901 1436 945 semadapertus‚

179 953 353 1002 semustas,
368 958 534 995 semhomo
550 972 591 995 ao
602 959 835 1006 respuendam
848 951 1160 1006 grammaticorum
1178 959 1436 1005 auctoritatem,

180 1017 240 1063 qui
260 1017 388 1052 falsam
403 1018 484 1054 ideo
501 1019 621 1064 utique
641 1019 839 1064 probarunt
860 1019 1082 1064 scripturam,
1104 1020 1144 1053 ut
1159 1019 1435 1064 compositorum

182 1075 309 1110 talium
338 1076 526 1122 perspicua
556 1079 650 1112 esset
678 1089 761 1122 pars
791 1078 898 1122 prior.
954 1076 1086 1112 Similis
1118 1079 1235 1111 autem
1266 1076 1437 1122 perversi-

179 1134 264 1168 tatis
291 1134 403 1169 multa
429 1135 741 1181 grammaticorum
766 1135 972 1170 Latinorum
1000 1135 1161 1169 feruntur
1185 1136 1386 1180 praecepta.

278 1192 374 1235 Quod
401 1204 478 1228 eum
512 1194 563 1228 ita
591 1194 650 1239 sit,
684 1193 780 1229 haud
812 1193 910 1228 dubie
939 1193 1107 1228 reicienda
1133 1194 1435 1238 ¹qrammatieorum

173 1250 317 1296 placita,
342 1250 401 1285 ubi
425 1253 550 1286 eertum
575 1253 635 1294 est,
660 1262 745 1296 quas
769 1251 996 1286 commendent
1019 1251 1186 1286 scribendi
1210 1251 1358 1286 rationes
1383 1251 1435 1286 di-

178 1320 290 1345 versas
312 1309 419 1353 fuisse
447 1322 470 1345 a
497 1311 746 1354 pronuntiandi
776 1322 868 1345 more
892 1310 1126 1345 Romanorum
1151 1310 1305 1345 doctrina
1329 1309 1435 1344 cultu-

178 1378 240 1411 que
258 1367 519 1412 praestantium.
562 1367 630 1408 Qui
655 1367 796 1413 quidem
816 1367 931 1413 qualis
956 1367 1077 1412 fuerit,
1102 1367 1206 1402 facile
1229 1367 1435 1412 plerumque

179 1427 327 1471 apparet
345 1437 386 1461 ex
404 1426 538 1470 seriptis
551 1428 744 1471 poetarum,
765 1425 826 1472 qui
847 1425 926 1461 soni
946 1425 982 1460 id
1003 1427 1058 1460 est
1078 1425 1277 1471 euphoniae
1299 1437 1437 1471 semper

178 1484 323 1518 fuerunt
348 1484 612 1519 studiosissimi.

275 1542 398 1586 Itaque
416 1554 456 1577 ea
477 1545 610 1577 tantum
629 1542 672 1577 ab
692 1543 785 1578 omni
804 1545 905 1587 parte
922 1542 1049 1588 poterit
1068 1542 1296 1577 commendari
1321 1542 1430 1577 ortho-

175 1599 339 1645 yraphiae
363 1601 611 1636 constituendae
635 1601 738 1647 ratio,
767 1612 835 1645 qua
864 1600 1049 1647 efficiatur,
1080 1603 1119 1635 ut
1148 1611 1252 1645 quam
1279 1600 1438 1645 proxime

79 1703 88 1710 ·
117 1685 120 1687 »
178 1660 374 1696 accedamus
393 1661 440 1696 ad
456 1661 708 1705 pronuntiandi
728 1672 853 1696 morem
879 1671 968 1705 eum,
993 1672 1058 1706 quo
1079 1660 1303 1696 cultissimum
1322 1672 1436 1706 quem-

178 1729 242 1761 que
255 1718 490 1753 Romanorum
504 1719 743 1762 florentissima
757 1722 863 1753 aetate
879 1720 1014 1763 linquae
1023 1719 1172 1753 Latinae
1186 1731 1287 1754 usum
1302 1722 1437 1754 constet.

728 1816 797 1860 s.
824 1816 855 1851 6.

252 1888 305 1916 De
331 1886 582 1916 recentiorum
606 1887 883 1924 philologorum
909 1887 1044 1917 studiis
1070 1888 1363 1924 orthographiae.

279 1949 442 1986 Ceterum
463 1952 546 1996 post
566 1952 689 1985 renata
711 1962 800 1985 saec.
820 1949 888 1985 XV
913 1950 1147 1986 humanitatis
1174 1950 1290 1985 studia
1316 1949 1436 1985 ortho-

181 2008 351 2053 graphiae
377 2008 525 2042 Latinae
551 2020 635 2042 cura
660 2009 720 2042 diu
745 2008 814 2042 fuit
839 2009 1044 2054 perexigua,
1075 2009 1205 2053 partim
1231 2010 1436 2052 contemptu

180 2065 244 2110 rei,
270 2067 311 2100 ut
330 2065 438 2100 nimis
459 2065 629 2110 minutae,
657 2066 786 2111 partim
809 2067 843 2100 vi
864 2066 1028 2111 inertiae,
1054 2078 1144 2112 quae
1166 2077 1305 2111 semper
1325 2065 1437 2100 officit

179 2123 365 2156 rectiorem
390 2124 485 2156 viam
511 2124 810 2165 monstrantibus,
840 2124 970 2166 partim
1002 2124 1222 2166 ignorantia,
1256 2134 1335 2156 cum
1361 2123 1437 2156 vd-

180 2176 259 2217 gari
289 2175 542 2206 adhiberentur
571 2186 637 2206 usu
668 2176 898 2216 exemplaria,
927 2177 966 2205 in
996 2177 1124 2218 quibus
1156 2176 1331 2215 scriptura
1359 2186 1436 2206 ver—

184 2234 313 2282 borum
339 2233 488 2282 referret
513 2232 643 2282 saeculi
663 2230 732 2282 XV
757 2232 813 2282 vel
832 2230 920 2282 XVI
945 2255 1095 2291 morem,
1120 2254 1189 2291 quo
1215 2232 1376 2291 tempore
1401 2229 1439 2282 in

183 2299 283 2326 libris
304 2300 732 2334 imprimendisohomines
753 2300 847 2327 docti
867 2300 903 2326 id
929 2300 1002 2327 fere
1023 2309 1135 2335 genus
1157 2301 1334 2327 scribendi
1355 2303 1440 2327 sunt

181 2344 308 2393 secuti,
338 2344 432 2394 quod
458 2344 638 2381 invenitur
663 2345 700 2380 in
733 2345 911 2381 codicibus
937 2345 1044 2380 medii
1075 2346 1152 2380 aevi
1177 2345 1440 2380 recentissimis.

180 2409 305 2460 Itaque
331 2408 607 2461 orthographiae
632 2408 782 2451 Latinae
814 2408 962 2451 seientia
986 2408 1085 2451 nullo
1113 2408 1251 2462 quidem
1278 2411 1437 2461 tempore
