1835 2904
577 222 600 253 1.
635 221 689 267 DE
710 206 1035 251 onffloeaAPfflA.
1418 216 1436 250 7

313 346 330 358 .,
670 309 712 339 De
731 307 953 348 grammaticis.

280 370 508 406 Grammatici
542 369 658 415 magis
693 369 878 415 magisque
912 370 1079 414 vergente
1116 380 1277 403 sermone
1310 367 1439 402 Latino

182 429 277 475 quod
309 428 500 474 plurimum
527 440 654 474 operae
685 427 858 462 dederunt
887 427 1082 473 scripturae
1112 425 1302 461 verborum
1333 425 1441 460 corri-

182 486 333 532 gendae,
362 498 452 532 quae
478 488 514 521 et
537 486 617 531 ipsa
644 485 741 532 vulgi
767 485 948 531 imperitia
972 487 1050 520 erat
1074 487 1256 530 corrupta,
1286 496 1360 519 non
1386 486 1441 518 est

181 543 319 586 mirum.
360 543 476 591 Igitur
496 556 518 578 a
539 543 662 579 multis
688 544 751 578 aut
775 543 862 578 locis
884 542 1036 589 singulis
1058 544 1119 577 aut
1138 541 1328 588 aliquando
1349 542 1439 576 totis

182 602 421 637 voluminibus
447 604 602 637 tractata
626 602 893 648 orthographia.
938 601 1007 637 Sed
1034 612 1150 636 eorum
1174 612 1251 636 cum
1276 612 1360 635 eura
1383 612 1439 635 ex—

180 660 371 695 aminanda
395 663 427 695 et
449 663 545 696 caute
567 660 758 696 adhibenda
779 660 919 705 placita.
964 658 1060 697 Nam
1091 671 1196 705 saepe
1222 660 1285 693 aut
1315 670 1437 693 eorum

181 731 269 765 quos
300 720 496 765 sequuntur
526 729 643 754 errore
678 718 817 764 decepti
851 719 915 753 aut
949 717 1094 763 propria
1124 717 1270 753 levitate
1304 707 1439 753 inducti

180 777 406 823 ineptissima
435 788 596 827 quaeque
626 779 663 812 et
691 776 886 812 falsissima
916 776 1165 822 probaverunt.
1221 775 1299 817 Qua
1332 775 1371 810 in
1401 788 1439 810 re

180 835 330 870 maxime
351 835 403 870 eis
428 834 497 870 fuit
521 834 639 870 fraudi
663 834 790 881 cupido
811 833 1034 870 discernendi
1059 834 1204 880 similia,
1231 834 1338 869 veluti
1358 845 1438 869 cum

179 893 489 941 distinguebantur
509 895 553 930 ab
574 895 625 930 eis
644 897 758 931 vertex,
775 896 811 929 et
830 897 943 930 vortex
963 895 1026 929 aut
1046 893 1133 929 adeo
1153 893 1256 930 arbor
1274 895 1315 934 et¹
1330 894 1438 937 ambos,

179 953 271 998 lepor
301 954 337 987 et
369 953 470 997 lepos,
506 955 690 999 praeterea
724 964 872 999 graecae
907 952 1051 998 linguae
1080 954 1262 998 respectus
1295 952 1437 998 nimius,

178 1011 330 1059 denique
355 1011 511 1047 studium
537 1011 756 1062 exquirendi,
782 1011 873 1047 unde
899 1011 1009 1046 verba
1033 1012 1153 1046 essent
1177 1010 1292 1046 ducta.
1341 1010 1436 1046 Nam

82 1063 84 1065 ’
151 1095 155 1099 -
178 1070 223 1105 ad
255 1070 485 1106 illustrandas
519 1071 675 1117 origines
708 1070 959 1105 vocabulorum
985 1068 1195 1104 Latinorum
1226 1081 1306 1104 cum
1335 1069 1435 1104 nulla

178 1127 230 1163 eis
263 1128 384 1175 lingua
415 1129 618 1175 suppeteret
646 1132 787 1174 praeter
816 1127 981 1163 Latinam
1012 1129 1049 1162 et
1074 1126 1259 1174 Graecam,
1290 1127 1330 1162 in
1360 1129 1434 1174 ety-

177 1186 335 1233 mologia
359 1186 553 1222 factitanda
573 1198 633 1221 eos
659 1182 866 1232 plerumque
890 1198 912 1220 a
937 1197 1020 1221 vero
1041 1185 1203 1221 aberrare
1229 1186 1433 1232 oportebat3

177 1256 288 1290 eaque
311 1245 487 1290 pravitate
512 1244 621 1279 etiam
646 1243 904 1290 orthographia
928 1246 1105 1290 corrupta.

273 1303 327 1338 Ac
360 1304 481 1339 tamen
517 1302 830 1350 grammaticorum
860 1302 1068 1338 testimonia
1102 1299 1294 1338 utilissima
1328 1314 1433 1349 saepe

176 1364 214 1397 et
238 1362 462 1409 gravissima,
488 1362 619 1407 partim
645 1361 728 1407 quia
748 1361 926 1396 codicibus
952 1363 1035 1396 sunt
1058 1362 1114 1397 usi
1134 1362 1319 1408 aliquanto
1345 1362 1433 1397 anti-

176 1420 357 1467 quioribus
389 1432 496 1466 quam
517 1420 642 1464 quibus
667 1431 734 1457 nos
759 1419 907 1464 utimur,
939 1419 1070 1465 partim
1097 1420 1180 1466 quia
1206 1420 1319 1456 secuti
1350 1423 1434 1456 sunt

175 1481 216 1514 ut
248 1479 440 1525 plurimum
470 1478 718 1513 auctoritatem
748 1477 1062 1524 grammaticorum
1092 1478 1198 1524 primi
1231 1491 1265 1524 p.
1291 1478 1373 1514 Chr.
1398 1491 1432 1514 n.

176 1537 322 1579 saeculi,
348 1548 417 1582 quo
444 1538 480 1571 et
506 1547 622 1571 sermo
647 1535 797 1570 Latinus
821 1536 893 1570 fuit
918 1536 1225 1571 emendatissimus
1251 1539 1287 1572 et
1313 1537 1432 1572 ortho-

175 1595 345 1643 graphiae
371 1594 526 1631 studiu'm
551 1593 760 1630 acerrimum
786 1594 947 1641 idemque
968 1594 1249 1631 subtilissimum.
1288 1595 1432 1632 Etenim

176 1654 263 1689 satis
294 1656 436 1690 constat
465 1654 571 1689 huius
601 1653 771 1699 temporis
803 1654 1016 1698 scriptorum
1023 1681 1032 1699 ,
1063 1666 1276 1700 quamquam
1302 1655 1434 1690 diversi

174 1712 318 1748 fuerunt
342 1710 504 1747 doctrina
530 1714 566 1747 et
589 1711 804 1754 rationibus,
835 1711 1006 1746 maiorem
1030 1714 1170 1758 partem
1195 1724 1238 1747 ea
1261 1713 1432 1759 probasse

174 1772 307 1818 placita
321 1772 360 1807 in
376 1771 549 1817 scriptura
564 1771 768 1817 verborum,
793 1782 883 1817 quae
904 1782 1045 1817 paragr.
1063 1773 1081 1806 1
1099 1772 1432 1808 commendavimus.

273 1829 558 1876 Orthographiae
578 1829 733 1864 studium
752 1829 846 1863 inter
860 1828 1041 1864 Romanos
1061 1831 1136 1864 tam
1156 1830 1227 1865 fuit
1246 1831 1431 1876 antiquum

175 1901 282 1934 quam
315 1888 469 1924 studium
502 1887 711 1922 litterarum.
761 1886 885 1933 Ipsum
914 1886 986 1922 iam
1017 1886 1156 1922 Livium
1185 1888 1431 1924 Andronicum

174 1947 369 1993 scripturae
395 1946 584 1982 verborum
609 1947 727 1980 rectae
751 1945 847 1980 haud
871 1945 1084 1980 mediocrem
1110 1958 1254 1991 operam
1279 1959 1430 1983 navasse

174 2004 250 2040 veri
285 2006 340 2039 est
374 2004 603 2039 simillimum.
657 2003 742 2039 Mox
772 2001 912 2038 Ennius
946 2003 985 2038 in
1020 2004 1142 2038 eadem
1178 2007 1233 2039 est
1266 2008 1429 2041 versatus

175 2075 268 2099 cura.
318 2062 455 2097 Deinde
481 2061 609 2097 Accius
640 2061 813 2107 quaedam
837 2062 998 2106 novavit,
1028 2073 1118 2107 quae
1144 2062 1285 2107 quidem
1310 2064 1429 2099 minus

173 2121 354 2166 placerent
377 2120 528 2165 Lucilio,
557 2119 696 2155 homini
726 2121 762 2154 et
790 2119 861 2165 ipsi
890 2119 941 2154 rei
971 2119 1269 2166 orthographieae
1295 2121 1428 2156 studio·
1451 2111 1453 2113 ,

174 2179 324 2214 sissimo.
364 2178 500 2214 Deinde
520 2190 584 2223 per
600 2177 804 2213 Terentium
820 2177 1033 2222 Varronem,
1052 2176 1238 2224 Nigidium
1252 2178 1429 2225 Figulum,

173 2237 340 2272 Verrium
370 2236 532 2272 Flaccum
563 2236 630 2271 hoc
661 2235 817 2270 studium
844 2237 896 2270 est
928 2237 1167 2284 propagatum
1194 2237 1239 2272 ad
1267 2237 1429 2273 homines

174 2295 297 2332 doctos
328 2307 419 2330 saec.
448 2307 482 2341 p.
508 2294 589 2331 Ghr.
614 2294 721 2340 primi
746 2296 782 2329 et
812 2293 966 2330 secundi.
1017 2293 1182 2330 Ceterum
1208 2296 1428 2342 temporibus

169 2354 244 2389 illis
265 2353 542 2400 orthographiae
561 2355 598 2388 et
612 2352 863 2399 grammaticae
883 2355 1018 2399 quanta
1037 2353 1145 2389 fuerit
1164 2366 1258 2400 cura,
1279 2358 1426 2401 apparet

173 2412 229 2448 vel
261 2424 303 2447 ex
332 2412 414 2458 hoc,
450 2411 545 2458 quod
579 2412 655 2457 ipse
690 2411 826 2457 primus
862 2412 922 2447 ille
953 2410 1143 2447 Caesarum
1174 2412 1212 2449 C.
1243 2413 1353 2449 Iulius
1384 2413 1426 2449 de
