1835 2904
355 243 401 278 16
689 245 691 247 ’
755 244 776 274 Ι.
812 244 867 273 DE
888 242 1216 274 ORTHOGRAPHIA.
1240 249 1245 252 “

352 334 510 380 teleuton,
546 346 637 380 quae
668 333 863 378 plurimum
894 336 979 369 sunt
1009 334 1171 369 adhibita
1207 331 1369 369 sermone
1399 333 1543 378 Latino,
1579 338 1615 369 et

351 392 408 427 vel
429 403 524 427 nunc
543 393 697 437 possunt
717 391 893 438 adhiberi,
920 392 981 427 sed
1002 394 1113 428 caute.
1153 391 1249 427 Nam
1269 403 1391 428 rursus
1411 392 1615 436 vmiationis

351 452 420 496 leqe
449 452 605 496 vetatur,
640 462 685 486 ne
720 450 827 486 nimis
865 463 969 497 saepe
1005 453 1204 497 recurrant,
1238 453 1279 486 ut
1312 451 1407 497 apud
1436 450 1612 486 Ennium:

353 521 372 543 o
401 509 476 544 Tite
501 511 569 544 tate
592 509 673 544 Tati
698 509 760 544 tibi
780 512 878 544 tanta
904 512 1047 555 tyranne
1072 510 1181 545 tulisti
1200 510 1255 545 vel
1281 509 1375 555 apud
1396 509 1613 545 Lucretium:

349 567 548 613 naufrayiis
571 568 707 613 maynis
731 568 913 613 multisque
937 562 1066 604 coortis.

449 626 577 661 Contra
610 627 863 661 contractionis
905 638 946 662 ac
982 627 1152 672 synizesis
1189 629 1225 662 et
1264 627 1421 662 elisionis
1458 626 1613 662 Graecae

350 684 568 730 Latinaeque
599 685 696 730 leges
729 686 827 719 ortae
858 696 900 719 cx
923 685 1034 719 studio
1059 685 1222 720 variandi
1245 685 1296 720 vel
1326 685 1464 720 tollendi
1486 685 1614 720 vocales

350 743 388 777 in
415 743 634 788 syllabarum
661 743 736 778 sive
762 743 950 778 verborum
976 743 1046 778 fine
1072 743 1209 789 positas
1235 745 1403 790 sequente
1427 743 1553 779 vocali.

448 801 601 836 Ceterum
620 803 808 836 notandam
827 803 867 837 in
886 802 1041 837 omnibus
1061 802 1188 847 linquis
1213 803 1377 838 orationis
1395 807 1520 847 partes,
1545 813 1611 847 quo

348 862 417 894 sint
440 871 507 894 usu
528 859 784 905 frequentiores,
809 871 845 895 co
871 861 982 905 mayis
1006 871 1074 895 esse
1098 863 1198 905 aptas
1217 862 1265 897 ad
1287 862 1490 896 mutationes
1514 871 1612 905 qnas-

350 918 443 959 libet;
474 919 657 962 composita
677 921 790 953 autem
810 930 845 953 eo
867 919 983 963 plures
1003 919 1114 954 subire
1133 920 1393 961 vicissitudines,
1417 931 1483 963 quo
1503 919 1613 963 mayis

349 976 537 1021 simplicia,
562 977 652 1011 ande
675 978 854 1022 ducuntur,
879 980 941 1011 aut
964 978 1132 1011 inusitata
1156 980 1237 1012 sunt
1260 980 1322 1012 aut
1346 978 1495 1012 obseura.

926 1075 958 1116 ξ.
982 1074 1035 1109 11.

673 1138 731 1176 De
753 1147 947 1177 vocalibus
974 1149 1012 1177 et
1037 1146 1287 1185 diphthongis.

453 1210 589 1244 Vocales
608 1210 685 1253 ipsa
699 1213 828 1244 natura
852 1222 917 1244 sua
935 1210 1107 1253 faciliores
1125 1213 1207 1245 sunt
1225 1211 1273 1244 ad
1291 1211 1495 1244 mutationes
1514 1221 1612 1254 quas-

348 1267 426 1302 libet
449 1279 552 1312 quam
578 1279 750 1304 consonae.
1388 1301 1393 1308 .

444 1315 485 1360 Ᾱ
507 1338 571 1370 per
602 1327 897 1370 compositionem
923 1327 1130 1372 plerumque
1160 1329 1319 1361 mutatur
1350 1327 1388 1361 in
1413 1329 1439 1369 i,
1459 1327 1486 1371 ἔ,
1509 1328 1542 1369 ἄ,
1569 1328 1610 1361 ut

347 1383 485 1427 inficio,
511 1383 661 1429 obtrecto,
686 1384 832 1426 inciilem
859 1384 876 1418 ‘e‘
901 1385 937 1418 in
963 1386 978 1418 i
1003 1386 1044 1419 ut
1068 1386 1210 1429 optineo.

445 1442 515 1477 Pro
546 1443 570 1476 ii
605 1444 774 1488 sequente
813 1455 885 1478 una
920 1455 1077 1478 consona
1112 1455 1218 1488 saepe
1256 1456 1277 1478 a
1313 1442 1494 1478 Ciceronis
1529 1442 1611 1477 inde

348 1503 510 1546 tempore
537 1500 733 1535 substituta
757 1503 787 1546 i,
818 1503 858 1535 ut
887 1502 1090 1547 alimentum
1120 1512 1184 1546 pro
1210 1501 1433 1545 ammentum,
1458 1502 1611 1545 aestimo,

346 1561 509 1605 optimus,
535 1559 715 1604 obstipesco
741 1572 807 1605 pro
833 1560 993 1606 aestamo,
1019 1561 1185 1605 optamus,
1211 1560 1407 1605 obstvipesco.

443 1618 580 1654 Eadem
606 1619 630 1653 ἄ
661 1621 745 1664 post
768 1630 790 1663 q
820 1631 973 1665 semper,
1004 1621 1087 1665 post
1108 1631 1131 1664 9
1161 1621 1197 1654 et
1225 1631 1242 1654 s
1272 1630 1378 1664 saepe
1410 1618 1537 1653 similis
1570 1619 1611 1653 fit
1677 1638 1679 1640 ·

346 1688 524 1711 consonae
548 1688 578 1710 v.
624 1676 703 1710 Tali
730 1677 937 1712 condicione
963 1677 1032 1711 fuit
1056 1689 1143 1712 sono
1169 1678 1267 1711 tenui
1293 1676 1493 1721 admodum,
1518 1677 1610 1711 unde

346 1746 410 1780 pro
436 1745 482 1778 qu
512 1733 690 1769 interdum
721 1734 868 1780 ponitur
893 1746 924 1784 c,
955 1735 1109 1769 maxime
1140 1736 1310 1781 sequente
1340 1746 1379 1787 u,
1410 1736 1451 1769 ut
1484 1735 1611 1781 cotidie,

345 1795 517 1837 secuntur,
553 1804 644 1834 ccus,·
685 1795 768 1838 post
795 1805 818 1837 9
848 1794 917 1827 vel'
934 1804 952 1827 s
982 1794 1159 1828 omittitur
1188 1805 1228 1838 u,
1259 1795 1299 1827 ut
1327 1805 1466 1838 uryueo,
1500 1804 1611 1838 amco,

345 1850 514 1895 suavium,
538 1851 681 1884 savium.

444 1909 633 1944 Praeterea
659 1909 701 1944 de
726 1910 741 1944 i
767 1911 803 1945 et
827 1922 852 1945 a
878 1912 913 1945 et
937 1922 960 1955 y
986 1910 1119 1945 dictum
1144 1911 1166 1954 ξ
1185 1911 1217 1945 7.

443 1967 499 2000 Ex
525 1967 759 2012 diphthongis
786 1968 923 2012 optima
948 1969 1064 2002 aetate
1089 1980 1217 2012 prosae
1243 1980 1309 2002 usu
1331 1970 1472 2002 tantum
1496 1979 1610 2002 serva-

346 2027 405 2060 tae
431 2036 508 2071 eae,
533 2037 682 2071 quarum
707 2025 886 2071 posterior
910 2037 993 2071 pars
1020 2027 1115 2061 esset
1140 2037 1157 2060 c
1186 2025 1242 2061 vel
1268 2037 1293 2061 a
1321 2023 1492 2072 (exceptis
1526 2037 1607 2071 pro-

347 2083 564 2128 nominibus,
584 2084 776 2128 particulis,
796 2084 1101 2118 interiectionibus
1117 2084 1351 2129 paucissimis,
1371 2096 1461 2129 quae
1476 2084 1610 2118 habent

346 2142 387 2187 ei,
412 2142 455 2187 oi,
480 2142 527 2187 ui,
552 2143 592 2175 ut
617 2142 648 2175 ei
672 2140 767 2186 mihi,
797 2141 924 2186 deinde,
944 2141 1032 2185 quoi,
1057 2141 1122 2186 cui,
1146 2141 1252 2187 huic),
1277 2143 1313 2175 et
1338 2141 1478 2187 quidem
1503 2142 1608 2176 tales:

346 2212 395 2246 ae,
420 2212 466 2246 oe,
491 2212 547 2246 aa,
572 2212 622 2235 eu.
652 2220 693 2225 -—-
721 2199 911 2235 Praeterea
935 2200 972 2244 qli
998 2201 1160 2234 servatur
1193 2200 1231 2234 in
1256 2199 1416 2246 Graecis,
1447 2202 1487 2235 ut
1512 2200 1607 2235 Har-

334 2260 437 2304 pyia,
462 2257 617 2303 Ritkyia.
1495 2292 1498 2295 ,

445 2317 514 2352 Pro
535 2328 576 2352 ae
596 2317 665 2362 ipsi
685 2316 840 2352 Romani
861 2316 1038 2352 interdum
1060 2317 1298 2352 adhibuerunt
1317 2323 1352 2352 e:
1373 2317 1467 2363 quod
1488 2319 1608 2352 tamen

347 2377 392 2410 ab
426 2376 632 2410 urbanitate
665 2376 738 2410 fere
772 2376 840 2410 fuit
873 2376 1043 2421 alienum,
1081 2378 1121 2410 ut
1154 2377 1261 2410 etiam
1295 2376 1412 2422 magis
1445 2376 1558 2411 multo
1591 2382 1608 2409 ἓ

346 2435 464 2482 posita
489 2447 554 2480 pro
581 2446 625 2469 oe.
675 2434 717 2469 In
745 2434 950 2480 compositis
976 2440 1017 2469 a'c
1040 2434 1113 2469 fere
1139 2434 1271 2470 transit
1295 2435 1333 2469 in
1359 2435 1383 2469 i.
