1835 2904
311 870 315 873 ·
356 848 514 884 litterae&

358 235 403 269 12
758 235 781 264 1.
816 234 870 263 DE
893 205 1220 264 oaTHocmmA.

279 321 282 322 ⁷
354 336 499 370 prorsus
525 316 595 359 fuit
619 323 798 370 neglecta,
829 323 891 359 sed
915 325 957 359 ut
981 324 1077 359 esset
1104 334 1300 369 paucorum
1326 322 1511 358 hominum
1537 323 1573 357 et
1597 334 1619 357 a

356 382 537 419 communi
572 395 638 417 usu
675 382 802 417 aliena.
853 381 950 424 Quae
987 381 1124 417 incuria
1155 382 1280 418 nostra
1315 381 1457 417 demum
1491 381 1618 426 aetate,

356 441 509 477 maxime
536 440 653 477 Caroli
677 441 896 476 Lachmann&
926 442 962 476 et
985 441 1160 477 Fridcrici
1183 439 1376 486 Ritschaelii,
1402 438 1462 486 qui
1487 438 1619 474 multos

357 500 560 535 habuerunt
585 501 793 546 sectatores,
819 499 971 535 cessavit
996 499 1135 535 merito.

944 598 976 639 ξ.
1005 597 1036 631 7.

706 657 709 662 ’
757 671 810 701 De
835 662 1049 700 litteratura
1073 669 1217 700 Latina.

453 732 671 766 Litterarum
696 733 830 777 figuras
856 732 1011 767 Romani
1036 744 1058 766 a
1083 731 1228 766 Graecis
1255 708 1476 776 acceperunt.

454 789 512 826 Ab
543 789 698 837 Augusti
733 790 815 825 inde
847 791 965 826 aetate
995 789 1063 825 hae
1098 789 1136 825 in
1167 802 1234 825 usu
1265 788 1444 825 communi
1477 788 1620 824 fuerunt

455 905 1523 949 ABODEFGHIKLMNOPQRSTVXYZ.
1574 950 1577 954 ἱ
1643 951 1645 953 q

454 967 610 1002 Romani
640 967 679 1001 in
710 966 896 1002 scribendo
928 967 1000 1001 fere
1033 967 1089 1002 usi
1120 968 1204 1002 sunt
1236 967 1371 1011 litteris,
1407 977 1494 1011 quas
1524 977 1619 1000 nunc

356 1027 501 1071 vocant,
532 1025 736 1069 capitalibus
767 1026 836 1060 sive
868 1025 1055 1069 quadratis.
1104 1024 1172 1059 Per
1197 1024 1353 1059 medium
1378 1035 1518 1069 aevum,
1550 1035 1619 1068 quo

357 1084 497 1119 facilior
527 1084 628 1118 fieret
655 1084 845 1129 scriptura,
880 1084 934 1118 uti
961 1095 1107 1129 coepere
1135 1083 1243 1130 vulgo
1262 1083 1392 1133 *litteris
1419 1082 1620 1117 minusculis

355 1143 405 1177 vel
430 1142 582 1177 mirsivis.
629 1142 830 1183 Quadratae
856 1145 978 1177 tamen
1004 1142 1218 1177 adhibentur
1242 1141 1298 1176 vel
1323 1141 1428 1176 hodie
1458 1141 1497 1175 in
1515 1140 1619 1174 initio

355 1199 542 1235 nominum
573 1200 758 1246 proprium
784 1201 820 1235 et
849 1200 887 1234 in
907 1199 1044 1246 periodi
1075 1199 1250 1245 principio
1277 1198 1334 1234 vel
1366 1198 1538 1234 orationis
1569 1197 1619 1232 di-

356 1259 555 1294 rectae'vel
582 1271 757 1294 versuum.
1609 1250 1617 1255 χ

456 1316 489 1351 G
519 1319 603 1362 post
631 1317 764 1351 bellum
789 1317 961 1352 Punicum
993 1317 1147 1362 primum
1178 1318 1320 1362 recepta
1350 1316 1388 1350 in
1420 1327 1619 1350 sermonem

287 1386 293 1388 ⁴
357 1375 542 1420 Latinum3
568 1387 632 1421 pro
654 1387 724 1422 qua
745 1377 852 1411 antea
873 1375 1107 1411 adhibebatur
1127 1373 1168 1418 O,
1195 1374 1289 1421 quod
1314 1373 1447 1409 mansit
1466 1373 1504 1408 in
1524 1385 1619 1409 com—

357 1434 496 1478 pendiis
523 1434 559 1469 Ο.
583 1446 649 1479 pro
676 1434 805 1479 Gaius,
831 1434 891 1470 Gn.
918 1445 983 1479 pro
1010 1434 1159 1469 Gnaeus.
1202 1433 1250 1467 —K
1272 1445 1337 1478 pro
1362 1444 1380 1467 c
1404 1444 1477 1466 non
1502 1433 1557 1466 est
1581 1432 1619 1466 in

355 1504 438 1535 usu,
471 1491 542 1526 nisi
574 1493 742 1538 sequente
773 1504 810 1538 a,
845 1481 881 1527 et
911 1492 1064 1527 maxime
1096 1492 1132 1526 in
1163 1491 1300 1526 duobus
1331 1489 1515 1526 vocabulis
1545 1489 1619 1524 Ka-

356 1550 486 1595 lendae,
521 1550 723 1595 Karthayoe
759 1553 781 1595 ι]
811 1563 875 1596 pro
906 1563 923 1585 c
952 1562 1025 1585 non
1056 1550 1141 1584 lieet
1175 1550 1261 1595 poni
1290 1549 1361 1584 nisi
1397 1549 1564 1594 sequente
1595 1559 1619 1582 u

355 1608 446 1643 brevi
477 1619 554 1643 cum
583 1608 700 1644 vocali.
751 1608 779 1643 I
800 1610 836 1643 et
868 1609 902 1644 V
921 1620 1000 1643 cum
1032 1620 1054 1642 a
1079 1608 1257 1643 veteribus
1287 1606 1487 1653 promiscue
1521 1605 1618 1641 adhi-

356 1667 525 1701 berentur
549 1680 615 1713 pro
641 1665 758 1702 vocali
785 1669 821 1702 et
845 1679 910 1712 pro
937 1679 1109 1712 consona,
1133 1666 1326 1701 recentiore
1352 1668 1510 1710 tempore
1536 1676 1618 1700 con-

357 1737 466 1759 sonae
486 1725 565 1760 loco
588 1725 750 1761 adhiberi
772 1728 917 1771 coeptae
944 1727 1028 1760 sunt
1048 1725 1085 1771 J,
1098 1726 1128 1770 j,
1153 1725 1286 1760 vocalis
1314 1724 1354 1767 U,
1374 1736 1407 1759 u.
1447 1722 1524 1758 Nos
1546 1734 1616 1757 ser-

356 1783 439 1818 vata
471 1783 504 1819 U
525 1784 582 1819 vel
607 1796 631 1819 u
658 1784 1000 1831 acl-ambiguitatem
1032 1783 1252 1829 quorundam
1277 1783 1466 1818 verborum
1490 1781 1618 1817 tollen-

360 1842 442 1877 dam
463 1842 707 1878 abdicabimus
734 1843 766 1878 J
786 1845 822 1878 et
839 1843 875 1888 j,
901 1855 990 1889 quae
1016 1843 1122 1888 plane
1144 1844 1229 1877 sunt
1254 1852 1545 1888 supervacaneae.

454 1901 480 1935 I
507 1903 543 1936 et
571 1914 591 1936 v
627 1914 804 1937 consonae
840 1914 1035 1948 numquam
1070 1903 1221 1947 possunt
1250 1900 1360 1946 recipi
1392 1900 1430 1935 in
1467 1899 1616 1943 Graeca,

358 1962 395 1994 at
424 1960 603 1995 interdum
628 1961 846 2006 recipiuntur
875 1961 913 1995 in
947 1960 1108 1995 barbara.
1158 1959 1285 2005 Itaque
1315 1959 1618 2005 pronuntiandum

357 2018 506 2062 iambus,
530 2018 666 2063 Ayaue,
695 2020 820 2053 contra
843 2017 1014 2063 Judaeus,
1046 2018 1207 2053 Vonones.

461 2076 497 2110 Y
517 2078 555 2120 et
575 2086 595 2111 z
619 2075 677 2122 (ex
703 2076 830 2121 quibus
856 2076 944 2111 haee
970 2076 1037 2110 fuit
1061 2076 1134 2111 iam
1151 2076 1189 2110 in
1210 2075 1458 2121 antiquissima
1483 2075 1617 2111 littera-

356 2137 438 2170 tura
472 2134 734 2179 Romanorum,
774 2134 835 2169 sed
870 2136 911 2169 ut
946 2134 1072 2169 deinde
1107 2133 1344 2179 omitteretur)
1381 2134 1425 2169 ab
1462 2133 1618 2180 Augusti

357 2194 517 2239 tempore
554 2192 734 2228 communi
768 2192 825 2242 usi
862 2192 1021 2227 adhiberi
1057 2194 1141 2227 sunt
1182 2194 1326 2238 coeptae
1363 2192 1401 2226 in
1436 2192 1618 2227 vocabulis

357 2250 501 2286 Graecis
523 2253 586 2286 aut
611 2250 789 2296 barbaris3
814 2261 836 2295 y
858 2250 966 2285 etiam
986 2250 1131 2296 irrepsit
1156 2250 1193 2286 in
1213 2262 1326 2296 pauca
1345 2249 1482 2286 Latina.
1523 2248 1618 2286 Nam

358 2312 465 2345 antea
489 2322 555 2356 pro
581 2310 643 2345 illa
668 2310 876 2355 plerumque
902 2321 940 2355 u,
965 2322 1030 2355 pro
1057 2310 1123 2345 hac
1147 2321 1181 2345 ss
1208 2309 1264 2346 vel
1289 2309 1326 2344 in
1351 2309 1427 2345 init.
1453 2309 1576 2345 vocab.
1601 2320 1619 2345 s

359 2369 619 2404 adhibebantur
635 2367 744 2415 (sicut
759 2368 868 2403 etiam
883 2368 1079 2413 posteriore
1096 2370 1255 2413 tempore
1265 2368 1443 2403 interdum
1458 2366 1618 2414 factum),

359 2430 398 2463 ut
422 2426 544 2474 Suria,
571 2428 764 2473 trapessita‚
792 2426 922 2463 Sethus.
