<?xml version="1.0" encoding="UTF-8"?>
<!DOCTYPE html PUBLIC "-//W3C//DTD XHTML 1.0 Transitional//EN"
    "http://www.w3.org/TR/xhtml1/DTD/xhtml1-transitional.dtd">
<html xmlns="http://www.w3.org/1999/xhtml" xml:lang="en" lang="en">
 <head>
  <title>
</title>
<meta http-equiv="Content-Type" content="text/html;charset=utf-8" />
  <meta name='ocr-system' content='tesseract 3.04.00' />
  <meta name='ocr-capabilities' content='ocr_page ocr_carea ocr_par ocr_line ocrx_word'/>
</head>
<body>
  <div class='ocr_page' id='page_1' title='image "4737389_0036.png"; bbox 0 0 1835 2904; ppageno 0'>
   <div class='ocr_carea' id='block_1_1' title="bbox 299 207 1251 268">
    <p class='ocr_par' dir='ltr' id='par_1_1' title="bbox 299 207 1251 268">
     <span class='ocr_line' id='line_1_1' title="bbox 299 207 1251 268; baseline -0.004 -2"><span class='ocrx_word' id='word_1_1' title='bbox 299 240 306 246; x_wconf 90' lang='grc'><strong><em>’</em></strong></span> <span class='ocrx_word' id='word_1_2' title='bbox 357 207 404 268; x_wconf 51' lang='grc' dir='ltr'>ἑὸ</span> <span class='ocrx_word' id='word_1_3' title='bbox 723 233 760 264; x_wconf 96' lang='lat' dir='ltr'><strong>II.</strong></span> <span class='ocrx_word' id='word_1_4' title='bbox 794 233 849 262; x_wconf 82' lang='lat' dir='ltr'><strong>DE</strong></span> <span class='ocrx_word' id='word_1_5' title='bbox 869 232 1070 263; x_wconf 85' lang='lat' dir='ltr'>PROSODIA</span> <span class='ocrx_word' id='word_1_6' title='bbox 1089 232 1251 262; x_wconf 79' lang='lat' dir='ltr'><strong>LATINA.</strong></span> 
     </span>
    </p>
   </div>
   <div class='ocr_carea' id='block_1_2' title="bbox 345 321 1620 1592">
    <p class='ocr_par' dir='ltr' id='par_1_2' title="bbox 356 321 1619 542">
     <span class='ocr_line' id='line_1_2' title="bbox 454 321 1619 368; baseline -0.002 -11"><span class='ocrx_word' id='word_1_7' title='bbox 454 322 502 357; x_wconf 77' lang='lat' dir='ltr'><strong>In</strong></span> <span class='ocrx_word' id='word_1_8' title='bbox 526 323 659 367; x_wconf 50' lang='lat' dir='ltr'><strong>&amp;opinis</strong></span> <span class='ocrx_word' id='word_1_9' title='bbox 689 324 725 357; x_wconf 84' lang='lat' dir='ltr'><strong>et</strong></span> <span class='ocrx_word' id='word_1_10' title='bbox 751 333 842 367; x_wconf 86' lang='lat' dir='ltr'><strong>quae</strong></span> <span class='ocrx_word' id='word_1_11' title='bbox 869 322 913 357; x_wconf 90' lang='lat' dir='ltr'><strong>ab</strong></span> <span class='ocrx_word' id='word_1_12' title='bbox 941 322 991 357; x_wconf 88' lang='lat' dir='ltr'><strong>eis</strong></span> <span class='ocrx_word' id='word_1_13' title='bbox 1016 321 1233 363; x_wconf 84' lang='lat' dir='ltr'><strong>descendunt</strong></span> <span class='ocrx_word' id='word_1_14' title='bbox 1263 323 1431 368; x_wconf 86' lang='lat' dir='ltr'><strong>sequente</strong></span> <span class='ocrx_word' id='word_1_15' title='bbox 1462 332 1619 356; x_wconf 79' lang='lat' dir='ltr'><strong>consona</strong></span> 
     </span>
     <span class='ocr_line' id='line_1_3' title="bbox 359 379 1618 426; baseline -0.002 -11"><span class='ocrx_word' id='word_1_16' title='bbox 359 393 440 415; x_wconf 89' lang='lat' dir='ltr'><strong>cum</strong></span> <span class='ocrx_word' id='word_1_17' title='bbox 463 383 477 415; x_wconf 85' lang='lat' dir='ltr'><strong>t</strong></span> <span class='ocrx_word' id='word_1_18' title='bbox 497 392 570 415; x_wconf 90' lang='lat' dir='ltr'><strong>non</strong></span> <span class='ocrx_word' id='word_1_19' title='bbox 598 382 740 414; x_wconf 88' lang='lat' dir='ltr'><strong>constat</strong></span> <span class='ocrx_word' id='word_1_20' title='bbox 766 382 864 414; x_wconf 82' lang='lat' dir='ltr'><strong>certa</strong></span> <span class='ocrx_word' id='word_1_21' title='bbox 884 379 1075 426; x_wconf 74' lang='lat' dir='ltr'><strong>quantitas,</strong></span> <span class='ocrx_word' id='word_1_22' title='bbox 1119 379 1212 414; x_wconf 89' lang='lat' dir='ltr'><strong>Nam</strong></span> <span class='ocrx_word' id='word_1_23' title='bbox 1234 380 1351 414; x_wconf 87' lang='lat' dir='ltr'>dixere</span> <span class='ocrx_word' id='word_1_24' title='bbox 1372 381 1508 413; x_wconf 85' lang='lat' dir='ltr'><strong>veteres</strong></span> <span class='ocrx_word' id='word_1_25' title='bbox 1527 381 1618 413; x_wconf 74' lang='lat' dir='ltr'><strong>teste</strong></span> 
     </span>
     <span class='ocr_line' id='line_1_4' title="bbox 359 436 1619 484; baseline -0.002 -11"><span class='ocrx_word' id='word_1_26' title='bbox 359 438 474 474; x_wconf 84' lang='lat' dir='ltr'><strong>Gellio</strong></span> <span class='ocrx_word' id='word_1_27' title='bbox 495 437 556 484; x_wconf 92' lang='lat' dir='ltr'><strong>IX,</strong></span> <span class='ocrx_word' id='word_1_28' title='bbox 578 439 600 473; x_wconf 91' lang='lat'>6</span> <span class='ocrx_word' id='word_1_29' title='bbox 622 441 772 481; x_wconf 63' lang='lat' dir='ltr'><strong>vinctum,</strong></span> <span class='ocrx_word' id='word_1_30' title='bbox 798 440 919 481; x_wconf 69' lang='lat' dir='ltr'><strong>dotum,</strong></span> <span class='ocrx_word' id='word_1_31' title='bbox 946 438 1074 481; x_wconf 67' lang='lat' dir='ltr'><strong>lectum,</strong></span> <span class='ocrx_word' id='word_1_32' title='bbox 1093 440 1266 482; x_wconf 71' lang='lat' dir='ltr'><strong>seriptum,</strong></span> <span class='ocrx_word' id='word_1_33' title='bbox 1288 437 1349 472; x_wconf 87' lang='lat' dir='ltr'><strong>sed</strong></span> <span class='ocrx_word' id='word_1_34' title='bbox 1369 436 1461 472; x_wconf 89' lang='lat' dir='ltr'><strong>idem</strong></span> <span class='ocrx_word' id='word_1_35' title='bbox 1482 437 1619 479; x_wconf 72' lang='lat' dir='ltr'><strong>dictum,</strong></span> 
     </span>
     <span class='ocr_line' id='line_1_5' title="bbox 356 496 1157 542; baseline 0 -10"><span class='ocrx_word' id='word_1_36' title='bbox 356 497 493 539; x_wconf 56' lang='lat' dir='ltr'><strong>vectum,</strong></span> <span class='ocrx_word' id='word_1_37' title='bbox 515 497 656 542; x_wconf 54' lang='lat' dir='ltr'><strong>qestum,</strong></span> <span class='ocrx_word' id='word_1_38' title='bbox 680 497 827 542; x_wconf 69' lang='lat' dir='ltr'><strong>rdptum,</strong></span> <span class='ocrx_word' id='word_1_39' title='bbox 853 497 996 542; x_wconf 62' lang='lat' dir='ltr'><strong>ocimum,</strong></span> <span class='ocrx_word' id='word_1_40' title='bbox 1019 496 1157 540; x_wconf 69' lang='lat' dir='ltr'><strong>flictum.</strong></span> 
     </span>
    </p>

    <p class='ocr_par' dir='ltr' id='par_1_3' title="bbox 350 553 1620 949">
     <span class='ocr_line' id='line_1_6' title="bbox 454 553 1618 602; baseline -0.003 -11"><span class='ocrx_word' id='word_1_41' title='bbox 454 555 527 591; x_wconf 89' lang='lat' dir='ltr'><strong>Ubi</strong></span> <span class='ocrx_word' id='word_1_42' title='bbox 558 555 761 602; x_wconf 78' lang='lat' dir='ltr'><strong>geminatur</strong></span> <span class='ocrx_word' id='word_1_43' title='bbox 791 567 949 591; x_wconf 86' lang='lat' dir='ltr'><strong>consona</strong></span> <span class='ocrx_word' id='word_1_44' title='bbox 973 555 1011 590; x_wconf 94' lang='lat' dir='ltr'><strong>in</strong></span> <span class='ocrx_word' id='word_1_45' title='bbox 1042 555 1230 601; x_wconf 86' lang='lat' dir='ltr'><strong>vocabulo,</strong></span> <span class='ocrx_word' id='word_1_46' title='bbox 1261 553 1444 600; x_wconf 80' lang='lat' dir='ltr'><strong>aliquanto</strong></span> <span class='ocrx_word' id='word_1_47' title='bbox 1477 554 1618 600; x_wconf 87' lang='lat' dir='ltr'><strong>saepius</strong></span> 
     </span>
     <span class='ocr_line' id='line_1_7' title="bbox 357 612 1619 660; baseline -0.002 -11"><span class='ocrx_word' id='word_1_48' title='bbox 357 614 498 650; x_wconf 87' lang='lat' dir='ltr'><strong>videtur</strong></span> <span class='ocrx_word' id='word_1_49' title='bbox 527 614 637 649; x_wconf 85' lang='lat' dir='ltr'><strong>fuisse</strong></span> <span class='ocrx_word' id='word_1_50' title='bbox 668 614 802 649; x_wconf 84' lang='lat' dir='ltr'><strong>vocalis</strong></span> <span class='ocrx_word' id='word_1_51' title='bbox 833 614 965 659; x_wconf 77' lang='lat' dir='ltr'><strong>brevis,</strong></span> <span class='ocrx_word' id='word_1_52' title='bbox 996 626 1103 660; x_wconf 91' lang='lat' dir='ltr'><strong>quam</strong></span> <span class='ocrx_word' id='word_1_53' title='bbox 1132 614 1257 660; x_wconf 85' lang='lat' dir='ltr'><strong>longa,</strong></span> <span class='ocrx_word' id='word_1_54' title='bbox 1287 613 1440 648; x_wconf 78' lang='lat' dir='ltr'><strong>maxime</strong></span> <span class='ocrx_word' id='word_1_55' title='bbox 1471 624 1552 648; x_wconf 88' lang='lat' dir='ltr'><strong>cum</strong></span> <span class='ocrx_word' id='word_1_56' title='bbox 1581 612 1619 647; x_wconf 91' lang='lat' dir='ltr'><strong>in</strong></span> 
     </span>
     <span class='ocr_line' id='line_1_8' title="bbox 357 670 1618 718; baseline -0.002 -10"><span class='ocrx_word' id='word_1_57' title='bbox 357 673 476 718; x_wconf 85' lang='lat' dir='ltr'><strong>verbo,</strong></span> <span class='ocrx_word' id='word_1_58' title='bbox 502 673 594 708; x_wconf 89' lang='lat' dir='ltr'><strong>unde</strong></span> <span class='ocrx_word' id='word_1_59' title='bbox 621 672 847 708; x_wconf 75' lang='lat' dir='ltr'><strong>descenderet</strong></span> <span class='ocrx_word' id='word_1_60' title='bbox 872 672 968 717; x_wconf 91' lang='lat' dir='ltr'><strong>illud,</strong></span> <span class='ocrx_word' id='word_1_61' title='bbox 994 673 1089 707; x_wconf 87' lang='lat' dir='ltr'><strong>esset</strong></span> <span class='ocrx_word' id='word_1_62' title='bbox 1108 671 1235 715; x_wconf 87' lang='lat' dir='ltr'><strong>brevis,</strong></span> <span class='ocrx_word' id='word_1_63' title='bbox 1267 673 1307 706; x_wconf 84' lang='lat' dir='ltr'><strong>ut</strong></span> <span class='ocrx_word' id='word_1_64' title='bbox 1324 670 1444 717; x_wconf 57' lang='lat' dir='ltr'><strong>puella</strong></span> <span class='ocrx_word' id='word_1_65' title='bbox 1473 671 1618 717; x_wconf 84' lang='lat' dir='ltr'><strong>propter</strong></span> 
     </span>
     <span class='ocr_line' id='line_1_9' title="bbox 350 730 1620 776; baseline -0.002 -10"><span class='ocrx_word' id='word_1_66' title='bbox 350 731 472 776; x_wconf 53' lang='lat' dir='ltr'><strong>ymera.</strong></span> <span class='ocrx_word' id='word_1_67' title='bbox 516 730 619 766; x_wconf 90' lang='lat' dir='ltr'><strong>Unde</strong></span> <span class='ocrx_word' id='word_1_68' title='bbox 644 731 822 766; x_wconf 87' lang='lat' dir='ltr'><strong>interdum</strong></span> <span class='ocrx_word' id='word_1_69' title='bbox 843 731 1026 766; x_wconf 88' lang='lat' dir='ltr'><strong>subtracta</strong></span> <span class='ocrx_word' id='word_1_70' title='bbox 1048 742 1203 766; x_wconf 87' lang='lat' dir='ltr'><strong>consona</strong></span> <span class='ocrx_word' id='word_1_71' title='bbox 1222 730 1345 776; x_wconf 81' lang='lat' dir='ltr'><strong>priore</strong></span> <span class='ocrx_word' id='word_1_72' title='bbox 1358 730 1477 765; x_wconf 88' lang='lat' dir='ltr'><strong>brevis</strong></span> <span class='ocrx_word' id='word_1_73' title='bbox 1498 731 1620 765; x_wconf 81' lang='lat' dir='ltr'><strong>manet</strong></span> 
     </span>
     <span class='ocr_line' id='line_1_10' title="bbox 356 786 1618 835; baseline -0.002 -11"><span class='ocrx_word' id='word_1_74' title='bbox 356 789 500 835; x_wconf 86' lang='lat' dir='ltr'><strong>vocalis,</strong></span> <span class='ocrx_word' id='word_1_75' title='bbox 534 792 574 824; x_wconf 84' lang='lat' dir='ltr'><strong>ut</strong></span> <span class='ocrx_word' id='word_1_76' title='bbox 605 790 742 834; x_wconf 64' lang='lat' dir='ltr'><strong>oportet,</strong></span> <span class='ocrx_word' id='word_1_77' title='bbox 775 789 928 824; x_wconf 59' lang='lat' dir='ltr'><strong>Porsena</strong></span> <span class='ocrx_word' id='word_1_78' title='bbox 957 801 1022 834; x_wconf 92' lang='lat' dir='ltr'><strong>pro</strong></span> <span class='ocrx_word' id='word_1_79' title='bbox 1049 791 1210 833; x_wconf 75' lang='lat' dir='ltr'><strong>opportet,</strong></span> <span class='ocrx_word' id='word_1_80' title='bbox 1242 788 1428 824; x_wconf 78' lang='lat' dir='ltr'><strong>Porsenna.</strong></span> <span class='ocrx_word' id='word_1_81' title='bbox 1484 786 1618 822; x_wconf 84' lang='lat' dir='ltr'><strong>Contra</strong></span> 
     </span>
     <span class='ocr_line' id='line_1_11' title="bbox 355 846 1618 901; baseline 0 -20"><span class='ocrx_word' id='word_1_82' title='bbox 355 848 466 893; x_wconf 83' lang='lat' dir='ltr'><strong>longa</strong></span> <span class='ocrx_word' id='word_1_83' title='bbox 491 847 560 882; x_wconf 86' lang='lat' dir='ltr'><strong>fuit</strong></span> <span class='ocrx_word' id='word_1_84' title='bbox 585 848 623 882; x_wconf 91' lang='lat' dir='ltr'><strong>in</strong></span> <span class='ocrx_word' id='word_1_85' title='bbox 648 847 806 892; x_wconf 63' lang='lat' dir='ltr'><strong>querella,</strong></span> <span class='ocrx_word' id='word_1_86' title='bbox 833 847 986 892; x_wconf 65' lang='lat' dir='ltr'><strong>loquella,</strong></span> <span class='ocrx_word' id='word_1_87' title='bbox 1013 847 1126 901; x_wconf 61' lang='lat' dir='ltr'><strong>lu‘ellq,</strong></span> <span class='ocrx_word' id='word_1_88' title='bbox 1157 847 1196 882; x_wconf 91' lang='lat' dir='ltr'><strong>in</strong></span> <span class='ocrx_word' id='word_1_89' title='bbox 1221 847 1314 888; x_wconf 68' lang='lat' dir='ltr'><strong>mille</strong></span> <span class='ocrx_word' id='word_1_90' title='bbox 1338 848 1484 893; x_wconf 91' lang='lat' dir='ltr'><strong>propter</strong></span> <span class='ocrx_word' id='word_1_91' title='bbox 1508 846 1618 888; x_wconf 65' lang='lat' dir='ltr'><strong>milia,</strong></span> 
     </span>
     <span class='ocr_line' id='line_1_12' title="bbox 356 905 834 949; baseline 0 -10"><span class='ocrx_word' id='word_1_92' title='bbox 356 905 393 939; x_wconf 89' lang='lat' dir='ltr'><strong>in</strong></span> <span class='ocrx_word' id='word_1_93' title='bbox 418 911 523 940; x_wconf 72' lang='grc' dir='ltr'><em>πᾶννο</em></span> <span class='ocrx_word' id='word_1_94' title='bbox 548 906 694 949; x_wconf 88' lang='lat' dir='ltr'><strong>propter</strong></span> <span class='ocrx_word' id='word_1_95' title='bbox 718 911 834 939; x_wconf 62' lang='lat' dir='ltr'><strong>names.</strong></span> 
     </span>
    </p>

    <p class='ocr_par' dir='ltr' id='par_1_4' title="bbox 345 961 1618 1242">
     <span class='ocr_line' id='line_1_13' title="bbox 410 961 1617 998; baseline -0.001 -1"><span class='ocrx_word' id='word_1_96' title='bbox 410 961 411 965; x_wconf 70' lang='grc'>’</span> <span class='ocrx_word' id='word_1_97' title='bbox 455 962 645 998; x_wconf 87' lang='lat' dir='ltr'><strong>Praeterea</strong></span> <span class='ocrx_word' id='word_1_98' title='bbox 665 962 863 998; x_wconf 85' lang='lat' dir='ltr'><strong>notandum</strong></span> <span class='ocrx_word' id='word_1_99' title='bbox 886 973 928 997; x_wconf 86' lang='lat' dir='ltr'><strong>ex</strong></span> <span class='ocrx_word' id='word_1_100' title='bbox 949 962 1164 998; x_wconf 75' lang='lat' dir='ltr'><strong>testimoniis</strong></span> <span class='ocrx_word' id='word_1_101' title='bbox 1187 962 1261 997; x_wconf 86' lang='lat' dir='ltr'><strong>sive</strong></span> <span class='ocrx_word' id='word_1_102' title='bbox 1281 961 1523 997; x_wconf 81' lang='lat' dir='ltr'><strong>Romanorum</strong></span> <span class='ocrx_word' id='word_1_103' title='bbox 1545 961 1617 997; x_wconf 88' lang='lat' dir='ltr'><strong>sive</strong></span> 
     </span>
     <span class='ocr_line' id='line_1_14' title="bbox 356 1021 1618 1067; baseline 0 -11"><span class='ocrx_word' id='word_1_104' title='bbox 356 1021 573 1057; x_wconf 85' lang='lat' dir='ltr'><strong>Graecorum</strong></span> <span class='ocrx_word' id='word_1_105' title='bbox 595 1034 766 1067; x_wconf 82' lang='lat' dir='ltr'><strong>apparere</strong></span> <span class='ocrx_word' id='word_1_106' title='bbox 787 1022 933 1067; x_wconf 87' lang='lat' dir='ltr'><strong>longam</strong></span> <span class='ocrx_word' id='word_1_107' title='bbox 954 1021 1063 1056; x_wconf 86' lang='lat' dir='ltr'><strong>fuisse</strong></span> <span class='ocrx_word' id='word_1_108' title='bbox 1082 1021 1234 1066; x_wconf 87' lang='lat' dir='ltr'><strong>primam</strong></span> <span class='ocrx_word' id='word_1_109' title='bbox 1254 1021 1292 1055; x_wconf 92' lang='lat' dir='ltr'><strong>in</strong></span> <span class='ocrx_word' id='word_1_110' title='bbox 1312 1027 1451 1063; x_wconf 62' lang='lat' dir='ltr'><strong>marceo,</strong></span> <span class='ocrx_word' id='word_1_111' title='bbox 1465 1021 1618 1063; x_wconf 72' lang='grc' dir='ltr'><strong><em>Μᾶναιε,</em></strong></span> 
     </span>
     <span class='ocr_line' id='line_1_15' title="bbox 354 1078 1617 1125; baseline -0.001 -11"><span class='ocrx_word' id='word_1_112' title='bbox 354 1079 543 1114; x_wconf 64' lang='lat' dir='ltr'><strong>Marcellus</strong></span> <span class='ocrx_word' id='word_1_113' title='bbox 579 1079 657 1113; x_wconf 92' lang='lat' dir='ltr'><strong>sim.</strong></span> <span class='ocrx_word' id='word_1_114' title='bbox 663 1106 672 1125; x_wconf 92' lang='lat'><em>,</em></span> <span class='ocrx_word' id='word_1_115' title='bbox 707 1080 800 1121; x_wconf 73' lang='lat' dir='ltr'><strong>ordo,</strong></span> <span class='ocrx_word' id='word_1_116' title='bbox 824 1080 948 1123; x_wconf 61' lang='lat' dir='ltr'><strong>fictor,</strong></span> <span class='ocrx_word' id='word_1_117' title='bbox 983 1085 1144 1123; x_wconf 68' lang='lat' dir='ltr'><strong>quinque,</strong></span> <span class='ocrx_word' id='word_1_118' title='bbox 1174 1081 1315 1123; x_wconf 70' lang='lat' dir='ltr'><strong>quintus</strong></span> <span class='ocrx_word' id='word_1_119' title='bbox 1350 1078 1442 1124; x_wconf 67' lang='lat' dir='ltr'><strong>sim„</strong></span> <span class='ocrx_word' id='word_1_120' title='bbox 1470 1085 1617 1123; x_wconf 64' lang='lat' dir='ltr'><strong>priscus,</strong></span> 
     </span>
     <span class='ocr_line' id='line_1_16' title="bbox 355 1136 1617 1183; baseline 0 -10"><span class='ocrx_word' id='word_1_121' title='bbox 355 1144 496 1183; x_wconf 71' lang='lat' dir='ltr'><strong>crispus,</strong></span> <span class='ocrx_word' id='word_1_122' title='bbox 501 1141 631 1183; x_wconf 64' lang='lat' dir='ltr'><strong>pastor,</strong></span> <span class='ocrx_word' id='word_1_123' title='bbox 640 1138 758 1180; x_wconf 64' lang='lat' dir='ltr'><strong>tristis,</strong></span> <span class='ocrx_word' id='word_1_124' title='bbox 767 1138 920 1173; x_wconf 70' lang='lat' dir='ltr'><strong>existimo</strong></span> <span class='ocrx_word' id='word_1_125' title='bbox 928 1137 1111 1183; x_wconf 78' lang='lat' dir='ltr'><strong>(aestimo),</strong></span> <span class='ocrx_word' id='word_1_126' title='bbox 1121 1137 1278 1180; x_wconf 74' lang='lat' dir='ltr'><strong>osculum,</strong></span> <span class='ocrx_word' id='word_1_127' title='bbox 1286 1138 1414 1173; x_wconf 74' lang='lat' dir='ltr'><strong>osculor</strong></span> <span class='ocrx_word' id='word_1_128' title='bbox 1418 1136 1617 1183; x_wconf 78' lang='lat' dir='ltr'><strong>(ausculor),</strong></span> 
     </span>
     <span class='ocr_line' id='line_1_17' title="bbox 345 1196 1524 1242; baseline 0 -11"><span class='ocrx_word' id='word_1_129' title='bbox 345 1197 535 1239; x_wconf 61' lang='lat' dir='ltr'><strong>maximus,</strong></span> <span class='ocrx_word' id='word_1_130' title='bbox 561 1197 731 1238; x_wconf 63' lang='lat' dir='ltr'><strong>vexillum,</strong></span> <span class='ocrx_word' id='word_1_131' title='bbox 757 1196 899 1231; x_wconf 87' lang='lat' dir='ltr'><strong>brevem</strong></span> <span class='ocrx_word' id='word_1_132' title='bbox 925 1196 963 1231; x_wconf 90' lang='lat' dir='ltr'><strong>in</strong></span> <span class='ocrx_word' id='word_1_133' title='bbox 995 1196 1173 1241; x_wconf 58' lang='lat' dir='ltr'><strong>Vergilius,</strong></span> <span class='ocrx_word' id='word_1_134' title='bbox 1205 1196 1393 1241; x_wconf 53' lang='lat' dir='ltr'><strong>Verginius,</strong></span> <span class='ocrx_word' id='word_1_135' title='bbox 1417 1196 1524 1242; x_wconf 67' lang='grc' dir='ltr'><em>υὲνρο.</em></span> 
     </span>
    </p>

    <p class='ocr_par' dir='ltr' id='par_1_5' title="bbox 354 1253 1618 1416">
     <span class='ocr_line' id='line_1_18' title="bbox 452 1253 1618 1300; baseline 0.001 -11"><span class='ocrx_word' id='word_1_136' title='bbox 452 1253 740 1300; x_wconf 86' lang='lat' dir='ltr'><strong>Praepositiones</strong></span> <span class='ocrx_word' id='word_1_137' title='bbox 761 1255 798 1289; x_wconf 91' lang='lat' dir='ltr'><strong>in</strong></span> <span class='ocrx_word' id='word_1_138' title='bbox 820 1266 1014 1290; x_wconf 88' lang='lat' dir='ltr'><strong>consonam</strong></span> <span class='ocrx_word' id='word_1_139' title='bbox 1034 1256 1202 1290; x_wconf 86' lang='lat' dir='ltr'><strong>exeuntes</strong></span> <span class='ocrx_word' id='word_1_140' title='bbox 1223 1256 1364 1300; x_wconf 87' lang='lat' dir='ltr'><strong>praeter</strong></span> <span class='ocrx_word' id='word_1_141' title='bbox 1384 1254 1618 1300; x_wconf 81' lang='lat' dir='ltr'><strong>exceptiones,</strong></span> 
     </span>
     <span class='ocr_line' id='line_1_19' title="bbox 355 1313 1616 1359; baseline 0.001 -12"><span class='ocrx_word' id='word_1_142' title='bbox 355 1325 443 1359; x_wconf 86' lang='lat' dir='ltr'><strong>quas</strong></span> <span class='ocrx_word' id='word_1_143' title='bbox 464 1313 548 1357; x_wconf 87' lang='lat' dir='ltr'><strong>dixi,</strong></span> <span class='ocrx_word' id='word_1_144' title='bbox 568 1313 733 1348; x_wconf 87' lang='lat' dir='ltr'><strong>videntur</strong></span> <span class='ocrx_word' id='word_1_145' title='bbox 753 1313 942 1348; x_wconf 85' lang='lat' dir='ltr'><strong>retinuisse</strong></span> <span class='ocrx_word' id='word_1_146' title='bbox 963 1314 1105 1348; x_wconf 84' lang='lat' dir='ltr'><strong>brevem</strong></span> <span class='ocrx_word' id='word_1_147' title='bbox 1126 1313 1281 1359; x_wconf 83' lang='lat' dir='ltr'><strong>finalem,</strong></span> <span class='ocrx_word' id='word_1_148' title='bbox 1301 1316 1341 1348; x_wconf 87' lang='lat' dir='ltr'><strong>ut</strong></span> <span class='ocrx_word' id='word_1_149' title='bbox 1359 1314 1467 1357; x_wconf 61' lang='grc' dir='ltr'><strong>ἵηῖνα,</strong></span> <span class='ocrx_word' id='word_1_150' title='bbox 1487 1313 1616 1358; x_wconf 66' lang='lat' dir='ltr'><strong>dibsque,</strong></span> 
     </span>
     <span class='ocr_line' id='line_1_20' title="bbox 354 1371 967 1416; baseline 0 -10"><span class='ocrx_word' id='word_1_151' title='bbox 354 1372 557 1414; x_wconf 58' lang='lat' dir='ltr'><strong>ffldmonitus,</strong></span> <span class='ocrx_word' id='word_1_152' title='bbox 582 1371 746 1416; x_wconf 68' lang='lat' dir='ltr'><strong>dbreptus,</strong></span> <span class='ocrx_word' id='word_1_153' title='bbox 772 1371 967 1407; x_wconf 55' lang='lat' dir='ltr'><strong>intermitto.</strong></span> 
     </span>
    </p>

    <p class='ocr_par' dir='ltr' id='par_1_6' title="bbox 351 1428 1616 1592">
     <span class='ocr_line' id='line_1_21' title="bbox 452 1428 1616 1476; baseline 0.001 -13"><span class='ocrx_word' id='word_1_154' title='bbox 452 1428 617 1464; x_wconf 82' lang='lat' dir='ltr'><strong>Ceterum</strong></span> <span class='ocrx_word' id='word_1_155' title='bbox 643 1429 796 1465; x_wconf 84' lang='lat' dir='ltr'><strong>Romani</strong></span> <span class='ocrx_word' id='word_1_156' title='bbox 826 1442 889 1475; x_wconf 89' lang='lat' dir='ltr'><strong>per</strong></span> <span class='ocrx_word' id='word_1_157' title='bbox 913 1430 1082 1476; x_wconf 88' lang='lat' dir='ltr'><strong>temporis</strong></span> <span class='ocrx_word' id='word_1_158' title='bbox 1108 1430 1294 1465; x_wconf 88' lang='lat' dir='ltr'><strong>decursum</strong></span> <span class='ocrx_word' id='word_1_159' title='bbox 1321 1430 1451 1464; x_wconf 87' lang='lat' dir='ltr'><strong>multas</strong></span> <span class='ocrx_word' id='word_1_160' title='bbox 1477 1430 1616 1465; x_wconf 88' lang='lat' dir='ltr'><strong>vocales</strong></span> 
     </span>
     <span class='ocr_line' id='line_1_22' title="bbox 351 1488 1615 1533; baseline 0.001 -11"><span class='ocrx_word' id='word_1_161' title='bbox 351 1488 516 1532; x_wconf 76' lang='lat' dir='ltr'><strong>positione</strong></span> <span class='ocrx_word' id='word_1_162' title='bbox 542 1488 659 1532; x_wconf 71' lang='lat' dir='ltr'><strong>{onyas</strong></span> <span class='ocrx_word' id='word_1_163' title='bbox 690 1490 881 1533; x_wconf 85' lang='lat' dir='ltr'><strong>coeperunt</strong></span> <span class='ocrx_word' id='word_1_164' title='bbox 906 1488 1171 1533; x_wconf 88' lang='lat' dir='ltr'><strong>pronuntiando</strong></span> <span class='ocrx_word' id='word_1_165' title='bbox 1198 1488 1341 1523; x_wconf 84' lang='lat' dir='ltr'><strong>reddere</strong></span> <span class='ocrx_word' id='word_1_166' title='bbox 1367 1488 1489 1530; x_wconf 82' lang='lat' dir='ltr'><strong>breves,</strong></span> <span class='ocrx_word' id='word_1_167' title='bbox 1519 1500 1615 1524; x_wconf 77' lang='lat' dir='ltr'><strong>num-</strong></span> 
     </span>
     <span class='ocr_line' id='line_1_23' title="bbox 353 1546 1542 1592; baseline 0.002 -11"><span class='ocrx_word' id='word_1_168' title='bbox 353 1557 457 1591; x_wconf 79' lang='lat' dir='ltr'><strong>quam</strong></span> <span class='ocrx_word' id='word_1_169' title='bbox 483 1548 601 1581; x_wconf 88' lang='lat' dir='ltr'><strong>autem</strong></span> <span class='ocrx_word' id='word_1_170' title='bbox 629 1546 694 1581; x_wconf 88' lang='lat' dir='ltr'><strong>tali</strong></span> <span class='ocrx_word' id='word_1_171' title='bbox 720 1546 927 1582; x_wconf 88' lang='lat' dir='ltr'><strong>condicione</strong></span> <span class='ocrx_word' id='word_1_172' title='bbox 954 1547 1071 1592; x_wconf 71' lang='lat' dir='ltr'><strong>lonqas</strong></span> <span class='ocrx_word' id='word_1_173' title='bbox 1097 1547 1360 1582; x_wconf 85' lang='lat' dir='ltr'><strong>substituerunt</strong></span> <span class='ocrx_word' id='word_1_174' title='bbox 1384 1547 1542 1583; x_wconf 81' lang='lat' dir='ltr'><strong>brevibus.</strong></span> 
     </span>
    </p>
   </div>
   <div class='ocr_carea' id='block_1_3' title="bbox 555 1645 1419 1755">
    <p class='ocr_par' dir='ltr' id='par_1_7' title="bbox 555 1645 1419 1755">
     <span class='ocr_line' id='line_1_24' title="bbox 930 1645 1040 1688; baseline 0.018 -10"><span class='ocrx_word' id='word_1_175' title='bbox 930 1646 961 1688; x_wconf 69' lang='grc' dir='ltr'><strong>ἓ.</strong></span> <span class='ocrx_word' id='word_1_176' title='bbox 986 1645 1040 1680; x_wconf 88' lang='grc'><strong>18.</strong></span> 
     </span>
     <span class='ocr_line' id='line_1_25' title="bbox 555 1696 1419 1755; baseline 0.002 -8"><span class='ocrx_word' id='word_1_177' title='bbox 555 1718 609 1747; x_wconf 91' lang='lat' dir='ltr'><strong>De</strong></span> <span class='ocrx_word' id='word_1_178' title='bbox 635 1718 793 1748; x_wconf 82' lang='lat' dir='ltr'><strong>accentu</strong></span> <span class='ocrx_word' id='word_1_179' title='bbox 817 1696 965 1755; x_wconf 79' lang='lat' dir='ltr'><strong>praeter</strong></span> <span class='ocrx_word' id='word_1_180' title='bbox 991 1717 1146 1748; x_wconf 81' lang='lat' dir='ltr'><strong>enclisin</strong></span> <span class='ocrx_word' id='word_1_181' title='bbox 1171 1719 1209 1747; x_wconf 79' lang='lat' dir='ltr'><strong>et</strong></span> <span class='ocrx_word' id='word_1_182' title='bbox 1233 1717 1419 1755; x_wconf 81' lang='lat' dir='ltr'><strong>proelisin.</strong></span> 
     </span>
    </p>
   </div>
   <div class='ocr_carea' id='block_1_4' title="bbox 351 1780 1614 2471">
    <p class='ocr_par' dir='ltr' id='par_1_8' title="bbox 351 1780 1614 2225">
     <span class='ocr_line' id='line_1_26' title="bbox 450 1780 1614 1830; baseline 0.001 -15"><span class='ocrx_word' id='word_1_183' title='bbox 450 1780 504 1815; x_wconf 92' lang='lat' dir='ltr'><strong>De</strong></span> <span class='ocrx_word' id='word_1_184' title='bbox 534 1784 670 1816; x_wconf 75' lang='lat' dir='ltr'><strong>accentu</strong></span> <span class='ocrx_word' id='word_1_185' title='bbox 701 1781 814 1816; x_wconf 82' lang='lat' dir='ltr'><strong>multa</strong></span> <span class='ocrx_word' id='word_1_186' title='bbox 846 1792 1013 1826; x_wconf 86' lang='lat' dir='ltr'><strong>perversa</strong></span> <span class='ocrx_word' id='word_1_187' title='bbox 1043 1783 1126 1830; x_wconf 78' lang='lat' dir='ltr'><strong>sunt</strong></span> <span class='ocrx_word' id='word_1_188' title='bbox 1155 1781 1297 1826; x_wconf 87' lang='lat' dir='ltr'><strong>prolata</strong></span> <span class='ocrx_word' id='word_1_189' title='bbox 1323 1794 1344 1816; x_wconf 90' lang='lat' dir='ltr'><strong>a</strong></span> <span class='ocrx_word' id='word_1_190' title='bbox 1374 1782 1614 1827; x_wconf 82' lang='lat' dir='ltr'><strong>grammaticis</strong></span> 
     </span>
     <span class='ocr_line' id='line_1_27' title="bbox 352 1837 1614 1884; baseline 0 -11"><span class='ocrx_word' id='word_1_191' title='bbox 352 1839 520 1884; x_wconf 82' lang='lat' dir='ltr'><strong>antiquis,</strong></span> <span class='ocrx_word' id='word_1_192' title='bbox 542 1837 625 1873; x_wconf 47' lang='lat' dir='ltr'><strong>*cum</strong></span> <span class='ocrx_word' id='word_1_193' title='bbox 651 1839 783 1884; x_wconf 86' lang='lat' dir='ltr'><strong>partim</strong></span> <span class='ocrx_word' id='word_1_194' title='bbox 810 1838 1029 1874; x_wconf 85' lang='lat' dir='ltr'><strong>Graecorum</strong></span> <span class='ocrx_word' id='word_1_195' title='bbox 1055 1839 1199 1873; x_wconf 90' lang='lat' dir='ltr'><strong>modum</strong></span> <span class='ocrx_word' id='word_1_196' title='bbox 1225 1839 1481 1883; x_wconf 84' lang='lat' dir='ltr'><strong>pronuntiandi</strong></span> <span class='ocrx_word' id='word_1_197' title='bbox 1506 1840 1614 1873; x_wconf 89' lang='lat' dir='ltr'><strong>nimis</strong></span> 
     </span>
     <span class='ocr_line' id='line_1_28' title="bbox 351 1896 1614 1944; baseline 0 -11"><span class='ocrx_word' id='word_1_198' title='bbox 351 1899 531 1944; x_wconf 84' lang='lat' dir='ltr'><strong>curarent,</strong></span> <span class='ocrx_word' id='word_1_199' title='bbox 564 1897 693 1944; x_wconf 84' lang='lat' dir='ltr'><strong>partim</strong></span> <span class='ocrx_word' id='word_1_200' title='bbox 721 1897 824 1932; x_wconf 85' lang='lat' dir='ltr'><strong>anxie</strong></span> <span class='ocrx_word' id='word_1_201' title='bbox 850 1897 1055 1932; x_wconf 85' lang='lat' dir='ltr'><strong>laborarent</strong></span> <span class='ocrx_word' id='word_1_202' title='bbox 1079 1896 1116 1932; x_wconf 90' lang='lat' dir='ltr'><strong>in</strong></span> <span class='ocrx_word' id='word_1_203' title='bbox 1141 1896 1322 1932; x_wconf 84' lang='lat' dir='ltr'><strong>vocabulis</strong></span> <span class='ocrx_word' id='word_1_204' title='bbox 1349 1897 1504 1933; x_wconf 89' lang='lat' dir='ltr'><strong>eiusdem</strong></span> <span class='ocrx_word' id='word_1_205' title='bbox 1531 1897 1614 1933; x_wconf 89' lang='lat' dir='ltr'><strong>scri-</strong></span> 
     </span>
     <span class='ocr_line' id='line_1_29' title="bbox 351 1956 1614 2002; baseline 0 -11"><span class='ocrx_word' id='word_1_206' title='bbox 351 1959 493 2001; x_wconf 85' lang='lat' dir='ltr'><strong>pturae,</strong></span> <span class='ocrx_word' id='word_1_207' title='bbox 525 1957 585 1991; x_wconf 91' lang='lat' dir='ltr'><strong>sed</strong></span> <span class='ocrx_word' id='word_1_208' title='bbox 624 1956 783 1991; x_wconf 83' lang='lat' dir='ltr'><strong>diversae</strong></span> <span class='ocrx_word' id='word_1_209' title='bbox 815 1956 1103 2002; x_wconf 86' lang='lat' dir='ltr'><strong>significationis,</strong></span> <span class='ocrx_word' id='word_1_210' title='bbox 1134 1958 1299 1991; x_wconf 87' lang='lat' dir='ltr'><strong>accentus</strong></span> <span class='ocrx_word' id='word_1_211' title='bbox 1329 1956 1534 1991; x_wconf 84' lang='lat' dir='ltr'><strong>diversitate</strong></span> <span class='ocrx_word' id='word_1_212' title='bbox 1565 1956 1614 1991; x_wconf 93' lang='lat' dir='ltr'><strong>di-</strong></span> 
     </span>
     <span class='ocr_line' id='line_1_30' title="bbox 352 2014 1613 2061; baseline 0 -12"><span class='ocrx_word' id='word_1_213' title='bbox 352 2014 573 2061; x_wconf 88' lang='lat' dir='ltr'><strong>stinguendis</strong></span> <span class='ocrx_word' id='word_1_214' title='bbox 596 2014 651 2060; x_wconf 89' lang='lat' dir='ltr'><strong>(ut</strong></span> <span class='ocrx_word' id='word_1_215' title='bbox 672 2015 709 2049; x_wconf 93' lang='lat' dir='ltr'><strong>in</strong></span> <span class='ocrx_word' id='word_1_216' title='bbox 732 2014 896 2049; x_wconf 89' lang='lat' dir='ltr'><strong>omnibus</strong></span> <span class='ocrx_word' id='word_1_217' title='bbox 918 2014 1051 2061; x_wconf 83' lang='lat' dir='ltr'><strong>linguis</strong></span> <span class='ocrx_word' id='word_1_218' title='bbox 1067 2014 1183 2049; x_wconf 81' lang='lat' dir='ltr'><strong>facere</strong></span> <span class='ocrx_word' id='word_1_219' title='bbox 1202 2015 1318 2050; x_wconf 83' lang='lat' dir='ltr'><strong>solent</strong></span> <span class='ocrx_word' id='word_1_220' title='bbox 1332 2014 1480 2049; x_wconf 85' lang='lat' dir='ltr'><strong>litterati</strong></span> <span class='ocrx_word' id='word_1_221' title='bbox 1500 2014 1613 2049; x_wconf 89' lang='lat' dir='ltr'><strong>homi-</strong></span> 
     </span>
     <span class='ocr_line' id='line_1_31' title="bbox 352 2072 1614 2120; baseline 0 -12"><span class='ocrx_word' id='word_1_222' title='bbox 352 2086 414 2108; x_wconf 88' lang='lat' dir='ltr'><strong>nes</strong></span> <span class='ocrx_word' id='word_1_223' title='bbox 430 2074 593 2120; x_wconf 86' lang='lat' dir='ltr'><strong>idemque</strong></span> <span class='ocrx_word' id='word_1_224' title='bbox 609 2073 767 2120; x_wconf 85' lang='lat' dir='ltr'><strong>morosi).</strong></span> <span class='ocrx_word' id='word_1_225' title='bbox 804 2073 959 2108; x_wconf 89' lang='lat' dir='ltr'><strong>Auctum</strong></span> <span class='ocrx_word' id='word_1_226' title='bbox 975 2073 1010 2108; x_wconf 91' lang='lat' dir='ltr'><strong>id</strong></span> <span class='ocrx_word' id='word_1_227' title='bbox 1027 2073 1151 2108; x_wconf 90' lang='lat' dir='ltr'><strong>vitium</strong></span> <span class='ocrx_word' id='word_1_228' title='bbox 1168 2086 1189 2108; x_wconf 85' lang='lat' dir='ltr'><strong>a</strong></span> <span class='ocrx_word' id='word_1_229' title='bbox 1205 2085 1293 2108; x_wconf 87' lang='lat' dir='ltr'><strong>saec.</strong></span> <span class='ocrx_word' id='word_1_230' title='bbox 1308 2073 1388 2108; x_wconf 91' lang='lat' dir='ltr'><strong>inde</strong></span> <span class='ocrx_word' id='word_1_231' title='bbox 1404 2086 1437 2119; x_wconf 90' lang='lat' dir='ltr'><strong>p.</strong></span> <span class='ocrx_word' id='word_1_232' title='bbox 1453 2072 1534 2109; x_wconf 84' lang='lat' dir='ltr'><strong>Chr.</strong></span> <span class='ocrx_word' id='word_1_233' title='bbox 1549 2072 1614 2120; x_wconf 89' lang='lat' dir='ltr'>III,</span> 
     </span>
     <span class='ocr_line' id='line_1_32' title="bbox 353 2131 1613 2179; baseline 0.001 -13"><span class='ocrx_word' id='word_1_234' title='bbox 353 2143 434 2166; x_wconf 89' lang='lat' dir='ltr'><strong>cum</strong></span> <span class='ocrx_word' id='word_1_235' title='bbox 466 2143 582 2166; x_wconf 87' lang='lat' dir='ltr'><strong>sermo</strong></span> <span class='ocrx_word' id='word_1_236' title='bbox 613 2131 762 2166; x_wconf 86' lang='lat' dir='ltr'><strong>Latinus</strong></span> <span class='ocrx_word' id='word_1_237' title='bbox 793 2132 829 2166; x_wconf 94' lang='lat' dir='ltr'><strong>in</strong></span> <span class='ocrx_word' id='word_1_238' title='bbox 863 2132 1062 2166; x_wconf 84' lang='lat' dir='ltr'><strong>barbariem</strong></span> <span class='ocrx_word' id='word_1_239' title='bbox 1097 2142 1247 2177; x_wconf 87' lang='lat' dir='ltr'><strong>vergens</strong></span> <span class='ocrx_word' id='word_1_240' title='bbox 1282 2132 1396 2177; x_wconf 83' lang='lat' dir='ltr'><strong>magis</strong></span> <span class='ocrx_word' id='word_1_241' title='bbox 1430 2132 1613 2179; x_wconf 84' lang='lat' dir='ltr'><strong>magisque</strong></span> 
     </span>
     <span class='ocr_line' id='line_1_33' title="bbox 352 2191 560 2225; baseline 0 0"><span class='ocrx_word' id='word_1_242' title='bbox 352 2191 560 2225; x_wconf 85' lang='lat' dir='ltr'><strong>senesceret.</strong></span> 
     </span>
    </p>

    <p class='ocr_par' dir='ltr' id='par_1_9' title="bbox 351 2248 1613 2471">
     <span class='ocr_line' id='line_1_34' title="bbox 449 2248 1611 2296; baseline 0.002 -13"><span class='ocrx_word' id='word_1_243' title='bbox 449 2248 574 2295; x_wconf 90' lang='lat' dir='ltr'><strong>Neque</strong></span> <span class='ocrx_word' id='word_1_244' title='bbox 604 2250 723 2294; x_wconf 89' lang='lat' dir='ltr'><strong>potest</strong></span> <span class='ocrx_word' id='word_1_245' title='bbox 754 2248 921 2295; x_wconf 81' lang='lat' dir='ltr'><strong>dubitari,</strong></span> <span class='ocrx_word' id='word_1_246' title='bbox 953 2249 1037 2295; x_wconf 87' lang='lat' dir='ltr'><strong>quin</strong></span> <span class='ocrx_word' id='word_1_247' title='bbox 1070 2250 1382 2296; x_wconf 85' lang='lat' dir='ltr'><strong>grammaticorum</strong></span> <span class='ocrx_word' id='word_1_248' title='bbox 1414 2250 1611 2296; x_wconf 81' lang='lat' dir='ltr'><strong>praeceptis</strong></span> 
     </span>
     <span class='ocr_line' id='line_1_35' title="bbox 352 2307 1613 2354; baseline 0.001 -12"><span class='ocrx_word' id='word_1_249' title='bbox 352 2307 528 2353; x_wconf 87' lang='lat' dir='ltr'><strong>perversis</strong></span> <span class='ocrx_word' id='word_1_250' title='bbox 553 2307 609 2342; x_wconf 86' lang='lat' dir='ltr'><strong>vel</strong></span> <span class='ocrx_word' id='word_1_251' title='bbox 635 2307 887 2343; x_wconf 84' lang='lat' dir='ltr'><strong>florentissimo</strong></span> <span class='ocrx_word' id='word_1_252' title='bbox 914 2310 1074 2354; x_wconf 88' lang='lat' dir='ltr'><strong>tempore</strong></span> <span class='ocrx_word' id='word_1_253' title='bbox 1101 2308 1244 2354; x_wconf 90' lang='lat' dir='ltr'><strong>quidam</strong></span> <span class='ocrx_word' id='word_1_254' title='bbox 1269 2308 1514 2344; x_wconf 87' lang='lat' dir='ltr'><strong>Romanorum</strong></span> <span class='ocrx_word' id='word_1_255' title='bbox 1540 2308 1613 2344; x_wconf 85' lang='lat' dir='ltr'><strong>sint</strong></span> 
     </span>
     <span class='ocr_line' id='line_1_36' title="bbox 351 2366 1607 2413; baseline 0.002 -12"><span class='ocrx_word' id='word_1_256' title='bbox 351 2366 499 2412; x_wconf 88' lang='lat' dir='ltr'><strong>decepti,</strong></span> <span class='ocrx_word' id='word_1_257' title='bbox 522 2366 851 2412; x_wconf 86' lang='lat' dir='ltr'><strong>pronuntiationem</strong></span> <span class='ocrx_word' id='word_1_258' title='bbox 875 2369 1009 2403; x_wconf 89' lang='lat' dir='ltr'><strong>rectam</strong></span> <span class='ocrx_word' id='word_1_259' title='bbox 1033 2369 1072 2402; x_wconf 87' lang='lat' dir='ltr'><strong>ut</strong></span> <span class='ocrx_word' id='word_1_260' title='bbox 1096 2370 1372 2413; x_wconf 82' lang='lat' dir='ltr'><strong>corrumperent.</strong></span> <span class='ocrx_word' id='word_1_261' title='bbox 1408 2366 1532 2403; x_wconf 86' lang='lat' dir='ltr'><strong>Plures</strong></span> <span class='ocrx_word' id='word_1_262' title='bbox 1555 2369 1607 2403; x_wconf 88' lang='lat' dir='ltr'><strong>ta-</strong></span> 
     </span>
     <span class='ocr_line' id='line_1_37' title="bbox 351 2425 1376 2471; baseline 0.002 -12"><span class='ocrx_word' id='word_1_263' title='bbox 351 2437 431 2460; x_wconf 90' lang='lat' dir='ltr'><strong>men</strong></span> <span class='ocrx_word' id='word_1_264' title='bbox 452 2425 565 2460; x_wconf 83' lang='lat' dir='ltr'><strong>multo</strong></span> <span class='ocrx_word' id='word_1_265' title='bbox 592 2425 637 2460; x_wconf 88' lang='lat' dir='ltr'><strong>ab</strong></span> <span class='ocrx_word' id='word_1_266' title='bbox 663 2425 808 2471; x_wconf 84' lang='lat' dir='ltr'><strong>ineptiis</strong></span> <span class='ocrx_word' id='word_1_267' title='bbox 835 2425 915 2460; x_wconf 89' lang='lat' dir='ltr'><strong>istis</strong></span> <span class='ocrx_word' id='word_1_268' title='bbox 941 2426 1075 2461; x_wconf 83' lang='lat' dir='ltr'><strong>cavisse</strong></span> <span class='ocrx_word' id='word_1_269' title='bbox 1101 2428 1156 2461; x_wconf 88' lang='lat' dir='ltr'><strong>est</strong></span> <span class='ocrx_word' id='word_1_270' title='bbox 1181 2426 1376 2471; x_wconf 84' lang='lat' dir='ltr'><strong>probabile.</strong></span> 
     </span>
    </p>
   </div>
  </div>
 </body>
</html>
