1835 2904
376 219 423 255 26
745 221 783 251 ΙΙ.
813 220 867 250 ΒΕ
889 220 1089 251 PROSODIA
1109 219 1272 250 LATINA.

955 330 987 374 §-
1011 330 1066 365 17.

636 413 690 442 Do
715 412 872 449 syllabis
895 412 1089 450 positionis
1113 412 1152 442 vi
1176 412 1380 449 productis.

476 484 661 526 Quomodo
687 486 815 531 poetae
840 485 897 520 usi
923 485 994 520 sint
1018 484 1200 520 vocalibus
1227 484 1375 520 duarum
1402 486 1466 520 aut
1483 484 1640 531 plurium

378 555 615 578 consonarum
641 543 932 588 subsequentium
953 544 988 578 vi
1009 544 1200 593 productis,
1226 544 1428 589 expositum
1448 543 1640 579 summario

378 601 546 636 metricae
572 600 721 636 Latinae
745 611 831 648 pgg.
853 602 1007 636 74-77.

476 659 531 695 De
556 660 579 695 h
604 660 732 706 spiritu
758 662 794 695 et
818 661 833 696 i
858 672 1015 696 consona
1040 660 1173 698 dictum
1197 661 1235 696 in
1260 660 1388 696 indice.

478 717 516 753 Si
540 719 665 754 vocalis
689 720 728 753 in
751 719 821 763 fine
844 719 935 754 verbi
958 719 1076 754 brevis
1102 719 1275 764 excipitur
1295 718 1432 754 duabus
1452 717 1514 754 aut
1533 718 1642 764 pluri-

379 777 446 811 bus
471 777 637 812 consonis
663 779 725 812 aut
750 777 780 812 si
804 777 923 823 finalis
947 778 986 812 in
1007 788 1189 813 emisenam
1209 778 1322 814 eziens
1341 777 1448 814 brevis
1467 777 1643 823 excipitur

379 847 544 881 consona,
565 835 826 881 pronuntiando
847 837 968 885 tamen
988 836 1163 871 retinetur
1182 836 1299 872 finalis
1313 836 1442 882 brevis,
1462 838 1503 871 ut
1517 836 1642 881 mayn&

377 905 461 940 spes,
478 894 592 938 placet
616 894 805 929 consilium.
1196 900 1199 903 ⁴

478 951 516 987 Si
547 952 587 987 in
619 953 726 988 medio
763 952 859 988 verbo
897 953 1015 988 brevis
1047 952 1266 999 paenultima
1299 952 1473 999 excipit-ur
1505 952 1641 988 duabus

341 1047 344 1050 ,
380 1011 555 1056 consonis,
581 1023 670 1056 quae
695 1023 770 1046 non
795 1011 868 1046 sint
893 1013 993 1046 muta
1019 1023 1098 1046 cum
1124 1011 1258 1056 liquida.
1282 1012 1423 1056 praeter
1443 1022 1507 1056 yn,
1532 1023 1641 1056 quan—

382 1070 458 1103 tum
485 1068 529 1103 ad
555 1070 749 1114 accentum,
774 1069 926 1104 habetur
951 1069 1080 1115 longae
1100 1069 1223 1103 instar.
1264 1068 1388 1114 Itaque
1408 1068 1641 1114 pronuntian-

380 1126 464 1176 dum
482 1127 703 1172 permdauus,
728 1127 894 1172 coruscus,
921 1128 1095 1162 ίεννεὶςύηε.
1139 1127 1284 1173 Alioqui
1306 1129 1402 1170 caret
1421 1128 1578 1173 accentu,
1602 1128 1644 1162 ut

380 1182 541 1229 tehffirae,
558 1184 706 1229 pe're‘yre.

478 1240 632 1277 Omnino
668 1244 769 1278 muta
808 1255 888 1278 cum
923 1243 1059 1289 liquida
1094 1244 1235 1289 praeter
1267 1255 1315 1289 yn
1350 1255 1490 1290 semper
1525 1245 1643 1279 servat

379 1301 508 1336 brevem
533 1301 814 1345 praecedentem.
871 1300 1005 1337 Contra
1034 1313 1108 1336 non
1138 1304 1194 1337 est
1217 1301 1379 1346 dubium,
1409 1302 1447 1336 in
1473 1301 1640 1337 derivatis

380 1359 410 1394 si
437 1361 538 1395 muta
564 1372 643 1395 cum
665 1359 800 1406 liquida
820 1360 966 1396 accedat
991 1360 1035 1396 ad
1056 1360 1216 1396 vocalem
1236 1360 1391 1407 longam,
1417 1372 1495 1396 eam
1517 1360 1642 1396 debere

380 1418 527 1464 produci
542 1414 583 1454 ut
598 1420 772 1464 ora-olum,
783 1423 965 1465 ard-trum,
976 1420 1166 1455 lava-hrum
1177 1418 1415 1466 (contractum
1430 1419 1468 1454 in
1485 1419 1641 1466 labrum),

379 1477 576 1522 dela-hrum,
603 1478 840 1512 invola-crum.
890 1477 946 1512 Ita
972 1478 1167 1523 {avii-trina,
1191 1477 1285 1512 unde
1310 1477 1352 1512 fit
1377 1478 1514 1512 latrina.

480 1535 664 1578 Quaeritur
684 1536 765 1578 iam,
785 1536 910 1570 vocalis
929 1536 1097 1580 positione
1118 1536 1218 1580 lonya
1236 1536 1371 1580 quaudo
1385 1536 1642 1580 pronuntiando

379 1593 494 1629 debeat
510 1594 666 1637 produci.
722 1593 777 1628 De
809 1606 879 1639 qua
910 1606 947 1628 re
973 1592 1183 1628 difficillima
1208 1592 1308 1639 (nam
1333 1593 1402 1639 ipsi
1427 1592 1580 1628 Romani
1604 1593 1642 1627 in

379 1651 447 1687 hac
477 1653 579 1697 parte
609 1664 684 1687 non
715 1664 855 1698 semper
879 1652 976 1687 fuere
1010 1650 1244 1700 constantes)
1260 1664 1373 1697 nuper
1403 1652 1544 1698 egregie
1569 1652 1644 1698 egit
1704 1668 1706 1673 ’

384 1709 583 1745 Guilelmus
605 1709 817 1745 Schmitzius
838 1710 1071 1755 coloniensis,
1090 1710 1305 1746 testimoniis
1326 1722 1411 1745 usus
1431 1710 1493 1745 ille
1512 1711 1643 1756 partim

383 1768 534 1815 Latinis,
559 1769 690 1815 partim
716 1769 869 1805 Graecis.
914 1769 970 1805 Ex
994 1769 1101 1805 huius
1126 1769 1237 1816 igitur
1260 1769 1414 1805 maxime
1440 1781 1545 1815 opere
1571 1768 1643 1815 (cui

382 1828 594 1874 inscriptum
620 1830 676 1863 est
694 1828 884 1875 „Beitrage
909 1841 970 1864 zur
990 1828 1241 1864 Lateinischen
1262 1827 1413 1873 Sprach-
1437 1828 1511 1863 und
1531 1827 1643 1863 Litte-

381 1886 635 1933 raturkunde“)
661 1899 752 1933 quae
778 1887 989 1933 gravissima
1014 1898 1089 1922 esse
1114 1886 1326 1932 viderentur,
1340 1883 1597 1932 ·excerpsimus.

478 1944 535 1980 Ad
561 1957 637 1980 rem
668 1945 943 1981 diiudicandams
964 1946 1119 1991 primum
1151 1945 1238 1980 facit
1267 1945 1433 1991 analogia
1464 1945 1638 1980 sermonis

378 2003 499 2038 Latini
525 2004 581 2039 vel
604 2003 741 2050 Graeci,
775 2004 899 2039 deinde
919 2003 1038 2038 Plauti
1059 2006 1095 2038 et
1120 2003 1276 2038 Terentii
1301 2003 1436 2048 placita
1456 2003 1642 2049 quaedam,

380 2062 426 2097 ad
456 2062 659 2108 prosodiam
690 2074 780 2108 quae
809 2063 1027 2109 pertineant,
1062 2064 1140 2097 tum
1175 2062 1488 2108 grammaticorum
1526 2063 1561 2096 et
1590 2061 1642 2097 in-

383 2121 616 2166 scriptionum
641 2122 858 2167 testimonia,
880 2122 1031 2167 denique
1052 2120 1227 2155 vocabula
1252 2120 1380 2154 Latina
1405 2120 1499 2164 apud
1524 2122 1642 2155 aucto-

380 2190 436 2214 res
462 2178 617 2215 Graecos
644 2179 874 2215 occurrentia.

478 2237 601 2288 Veluti
627 2241 777 2284 apparet
792 2238 982 2274 dicendum
1000 2239 1105 2285 plebs,
1130 2238 1251 2273 thorax
1270 2239 1416 2283 propter
1428 2238 1549 2284 plebis,
1573 2238 1644 2273 tho-

379 2298 482 2343 racis,
515 2299 641 2333 contra
665 2297 781 2343 adips,
811 2297 886 2333 nux
915 2298 1062 2343 propter
1086 2297 1215 2342 adipis,
1244 2296 1356 2342 nucis,
1385 2297 1494 2342 virgo,
1523 2298 1643 2342 virtus,

379 2358 525 2403 propter
549 2358 618 2401 vir,
649 2356 841 2401 ope'reulum
871 2358 1017 2402 propter
1040 2355 1183 2401 operire,
1208 2356 1307 2400 (itque
1331 2356 1476 2400 propter
1500 2354 1554 2401 dol,
1579 2355 1642 2400 cist,

378 2417 525 2461 propter
544 2415 589 2463 at,
609 2416 676 2451 ηὸεε
695 2417 842 2463 propter
856 2414 949 2460 νύξ,
971 2413 1144 2459 νυκτός,
1164 2414 1222 2460 ist,
1242 2413 1321 2449 &stis
1340 2414 1487 2460 propter
1501 2412 1641 2459 ἐστίν,
