<?xml version="1.0" encoding="UTF-8"?>
<!DOCTYPE html PUBLIC "-//W3C//DTD XHTML 1.0 Transitional//EN"
    "http://www.w3.org/TR/xhtml1/DTD/xhtml1-transitional.dtd">
<html xmlns="http://www.w3.org/1999/xhtml" xml:lang="en" lang="en">
 <head>
  <title>
</title>
<meta http-equiv="Content-Type" content="text/html;charset=utf-8" />
  <meta name='ocr-system' content='tesseract 3.04.00' />
  <meta name='ocr-capabilities' content='ocr_page ocr_carea ocr_par ocr_line ocrx_word'/>
</head>
<body>
  <div class='ocr_page' id='page_1' title='image "4737389_0033.png"; bbox 0 0 1835 2904; ppageno 0'>
   <div class='ocr_carea' id='block_1_1' title="bbox 64 0 114 61">
    <p class='ocr_par' dir='ltr' id='par_1_1' title="bbox 64 0 114 61">
     <span class='ocr_line' id='line_1_1' title="bbox 64 0 114 61; textangle 90"><span class='ocrx_word' id='word_1_1' title='bbox 77 40 100 61; x_wconf 66' lang='lat' dir='ltr'><strong>„z</strong></span> <span class='ocrx_word' id='word_1_2' title='bbox 64 0 114 32; x_wconf 41' lang='grc' dir='ltr'><strong>ἑξ</strong></span> 
     </span>
    </p>
   </div>
   <div class='ocr_carea' id='block_1_2' title="bbox 510 200 1447 242">
    <p class='ocr_par' dir='ltr' id='par_1_2' title="bbox 510 200 1447 242">
     <span class='ocr_line' id='line_1_2' title="bbox 510 200 1447 242; baseline 0.002 -2"><span class='ocrx_word' id='word_1_3' title='bbox 510 210 559 241; x_wconf 90' lang='lat'>-11.</span> <span class='ocrx_word' id='word_1_4' title='bbox 590 209 645 240; x_wconf 76' lang='lat' dir='ltr'><strong>nu</strong></span> <span class='ocrx_word' id='word_1_5' title='bbox 665 209 866 241; x_wconf 61' lang='lat' dir='ltr'><strong>mosomii</strong></span> <span class='ocrx_word' id='word_1_6' title='bbox 885 210 1045 240; x_wconf 73' lang='lat' dir='ltr'><strong>LATmA.</strong></span> <span class='ocrx_word' id='word_1_7' title='bbox 1287 210 1295 219; x_wconf 86' lang='grc'>’</span> <span class='ocrx_word' id='word_1_8' title='bbox 1365 208 1413 242; x_wconf 78' lang='grc'><strong>25</strong></span> <span class='ocrx_word' id='word_1_9' title='bbox 1444 200 1447 202; x_wconf 75' lang='grc'><strong>’</strong></span> 
     </span>
    </p>
   </div>
   <div class='ocr_carea' id='block_1_3' title="bbox 470 347 1098 462">
    <p class='ocr_par' dir='ltr' id='par_1_3' title="bbox 470 347 1098 462">
     <span class='ocr_line' id='line_1_3' title="bbox 763 347 810 383; baseline 0.021 -1"><span class='ocrx_word' id='word_1_10' title='bbox 763 347 810 383; x_wconf 90' lang='grc' dir='ltr'><strong>Π.</strong></span> 
     </span>
     <span class='ocr_line' id='line_1_4' title="bbox 470 424 1098 462; baseline 0.002 -2"><span class='ocrx_word' id='word_1_11' title='bbox 470 424 541 461; x_wconf 84' lang='lat' dir='ltr'><strong>DE</strong></span> <span class='ocrx_word' id='word_1_12' title='bbox 574 424 850 462; x_wconf 81' lang='lat' dir='ltr'>PROSODIA</span> <span class='ocrx_word' id='word_1_13' title='bbox 882 425 1098 461; x_wconf 87' lang='lat' dir='ltr'>LATINA.</span> 
     </span>
    </p>
   </div>
   <div class='ocr_carea' id='block_1_4' title="bbox 669 513 902 623">
    <p class='ocr_par' dir='ltr' id='par_1_4' title="bbox 669 513 893 623">
     <span class='ocr_line' id='line_1_5' title="bbox 730 513 838 557; baseline 0 -9"><span class='ocrx_word' id='word_1_14' title='bbox 730 514 762 557; x_wconf 66' lang='grc' dir='ltr'><strong>ξ.</strong></span> <span class='ocrx_word' id='word_1_15' title='bbox 785 513 838 548; x_wconf 92' lang='grc'><strong>16.</strong></span> 
     </span>
     <span class='ocr_line' id='line_1_6' title="bbox 669 586 902 623; baseline -0.004 -6"><span class='ocrx_word' id='word_1_16' title='bbox 669 587 724 617; x_wconf 84' lang='lat' dir='ltr'><strong>De</strong></span> <span class='ocrx_word' id='word_1_17' title='bbox 748 586 902 623; x_wconf 74' lang='lat' dir='ltr'><strong>syllaba.</strong></span> 
     </span>
    </p>
   </div>
   <div class='ocr_carea' id='block_1_5' title="bbox 158 649 1467 2446">
    <p class='ocr_par' dir='ltr' id='par_1_5' title="bbox 158 649 1413 872">
     <span class='ocr_line' id='line_1_7' title="bbox 257 649 1412 696; baseline -0.003 -10"><span class='ocrx_word' id='word_1_18' title='bbox 257 649 377 686; x_wconf 77' lang='lat' dir='ltr'><strong>Omnis</strong></span> <span class='ocrx_word' id='word_1_19' title='bbox 406 650 538 696; x_wconf 73' lang='lat' dir='ltr'><strong>syllaba</strong></span> <span class='ocrx_word' id='word_1_20' title='bbox 569 652 719 685; x_wconf 65' lang='lat' dir='ltr'><strong>certum.</strong></span> <span class='ocrx_word' id='word_1_21' title='bbox 726 649 824 686; x_wconf 77' lang='lat' dir='ltr'><strong>habet</strong></span> <span class='ocrx_word' id='word_1_22' title='bbox 854 652 983 695; x_wconf 77' lang='lat' dir='ltr'><strong>tempas</strong></span> <span class='ocrx_word' id='word_1_23' title='bbox 1014 649 1064 684; x_wconf 82' lang='lat' dir='ltr'><strong>vel</strong></span> <span class='ocrx_word' id='word_1_24' title='bbox 1094 660 1233 684; x_wconf 87' lang='lat' dir='ltr'><strong>moram.</strong></span> <span class='ocrx_word' id='word_1_25' title='bbox 1287 649 1412 694; x_wconf 84' lang='lat' dir='ltr'><strong>Itaque</strong></span> 
     </span>
     <span class='ocr_line' id='line_1_8' title="bbox 158 707 1412 756; baseline -0.002 -11"><span class='ocrx_word' id='word_1_26' title='bbox 158 711 222 745; x_wconf 86' lang='lat' dir='ltr'><strong>aut</strong></span> <span class='ocrx_word' id='word_1_27' title='bbox 245 709 353 745; x_wconf 80' lang='lat' dir='ltr'><strong>brevis</strong></span> <span class='ocrx_word' id='word_1_28' title='bbox 377 711 432 744; x_wconf 84' lang='lat' dir='ltr'><strong>est</strong></span> <span class='ocrx_word' id='word_1_29' title='bbox 455 711 517 744; x_wconf 85' lang='lat' dir='ltr'><strong>aut</strong></span> <span class='ocrx_word' id='word_1_30' title='bbox 542 709 643 754; x_wconf 71' lang='lat' dir='ltr'><strong>lonya</strong></span> <span class='ocrx_word' id='word_1_31' title='bbox 667 707 786 756; x_wconf 85' lang='lat' dir='ltr'><strong>(quasi</strong></span> <span class='ocrx_word' id='word_1_32' title='bbox 810 720 853 743; x_wconf 87' lang='lat' dir='ltr'><strong>ex</strong></span> <span class='ocrx_word' id='word_1_33' title='bbox 877 708 1058 754; x_wconf 82' lang='lat' dir='ltr'><strong>duplicata</strong></span> <span class='ocrx_word' id='word_1_34' title='bbox 1082 708 1182 743; x_wconf 86' lang='lat' dir='ltr'><strong>brevi</strong></span> <span class='ocrx_word' id='word_1_35' title='bbox 1202 710 1243 743; x_wconf 83' lang='lat' dir='ltr'><strong>ut</strong></span> <span class='ocrx_word' id='word_1_36' title='bbox 1262 707 1412 753; x_wconf 79' lang='lat' dir='ltr'><strong>constet)</strong></span> 
     </span>
     <span class='ocr_line' id='line_1_9' title="bbox 159 765 1413 816; baseline -0.001 -15"><span class='ocrx_word' id='word_1_37' title='bbox 159 769 222 801; x_wconf 88' lang='lat' dir='ltr'><strong>aut</strong></span> <span class='ocrx_word' id='word_1_38' title='bbox 245 768 433 816; x_wconf 75' lang='lat' dir='ltr'><strong>commanis</strong></span> <span class='ocrx_word' id='word_1_39' title='bbox 462 767 528 809; x_wconf 81' lang='lat' dir='ltr'><strong>vel,</strong></span> <span class='ocrx_word' id='word_1_40' title='bbox 553 767 593 801; x_wconf 87' lang='lat' dir='ltr'><strong>ut</strong></span> <span class='ocrx_word' id='word_1_41' title='bbox 617 778 711 801; x_wconf 89' lang='lat' dir='ltr'><strong>nunc</strong></span> <span class='ocrx_word' id='word_1_42' title='bbox 736 766 883 811; x_wconf 88' lang='lat' dir='ltr'><strong>dicitur,</strong></span> <span class='ocrx_word' id='word_1_43' title='bbox 909 777 1039 810; x_wconf 77' lang='lat' dir='ltr'><strong>anceps.</strong></span> <span class='ocrx_word' id='word_1_44' title='bbox 1089 765 1130 800; x_wconf 92' lang='lat' dir='ltr'><strong>In</strong></span> <span class='ocrx_word' id='word_1_45' title='bbox 1157 778 1265 810; x_wconf 88' lang='lat' dir='ltr'><strong>prosa</strong></span> <span class='ocrx_word' id='word_1_46' title='bbox 1289 767 1413 800; x_wconf 85' lang='lat' dir='ltr'><strong>tamen</strong></span> 
     </span>
     <span class='ocr_line' id='line_1_10' title="bbox 158 824 899 872; baseline -0.001 -11"><span class='ocrx_word' id='word_1_47' title='bbox 158 837 361 861; x_wconf 85' lang='lat' dir='ltr'><strong>communes</strong></span> <span class='ocrx_word' id='word_1_48' title='bbox 388 824 548 872; x_wconf 80' lang='lat' dir='ltr'>syllabae</span> <span class='ocrx_word' id='word_1_49' title='bbox 574 824 763 860; x_wconf 81' lang='lat' dir='ltr'><strong>admodum</strong></span> <span class='ocrx_word' id='word_1_50' title='bbox 789 836 899 860; x_wconf 87' lang='lat' dir='ltr'><strong>rarae.</strong></span> 
     </span>
    </p>

    <p class='ocr_par' dir='ltr' id='par_1_6' title="bbox 159 883 1418 990">
     <span class='ocr_line' id='line_1_11' title="bbox 254 883 1418 931; baseline -0.002 -12"><span class='ocrx_word' id='word_1_51' title='bbox 254 884 375 929; x_wconf 75' lang='lat' dir='ltr'><strong>Lonya</strong></span> <span class='ocrx_word' id='word_1_52' title='bbox 395 884 533 929; x_wconf 81' lang='lat' dir='ltr'><strong>syllaba</strong></span> <span class='ocrx_word' id='word_1_53' title='bbox 552 884 620 919; x_wconf 89' lang='lat' dir='ltr'><strong>hoc</strong></span> <span class='ocrx_word' id='word_1_54' title='bbox 645 884 748 931; x_wconf 87' lang='lat' dir='ltr'><strong>signo</strong></span> <span class='ocrx_word' id='word_1_55' title='bbox 773 883 951 919; x_wconf 88' lang='lat' dir='ltr'><strong>indicatur</strong></span> <span class='ocrx_word' id='word_1_56' title='bbox 976 906 1005 928; x_wconf 89' lang='lat'><strong>—‚</strong></span> <span class='ocrx_word' id='word_1_57' title='bbox 1025 883 1132 918; x_wconf 76' lang='lat' dir='ltr'><strong>brevis</strong></span> <span class='ocrx_word' id='word_1_58' title='bbox 1156 883 1222 917; x_wconf 89' lang='lat' dir='ltr'><strong>tali</strong></span> <span class='ocrx_word' id='word_1_59' title='bbox 1242 895 1271 928; x_wconf 79' lang='grc' dir='ltr'><strong>υ,</strong></span> <span class='ocrx_word' id='word_1_60' title='bbox 1296 894 1418 927; x_wconf 76' lang='lat' dir='ltr'><strong>anceps</strong></span> 
     </span>
     <span class='ocr_line' id='line_1_12' title="bbox 159 944 358 990; baseline 0.005 -13"><span class='ocrx_word' id='word_1_61' title='bbox 159 944 309 990; x_wconf 89' lang='lat' dir='ltr'><strong>utroque</strong></span> <span class='ocrx_word' id='word_1_62' title='bbox 329 950 358 978; x_wconf 61' lang='grc' dir='ltr'><strong>Ξ.</strong></span> 
     </span>
    </p>

    <p class='ocr_par' dir='ltr' id='par_1_7' title="bbox 159 1000 1420 1278">
     <span class='ocr_line' id='line_1_13' title="bbox 257 1000 1418 1048; baseline -0.001 -11"><span class='ocrx_word' id='word_1_63' title='bbox 257 1001 509 1048; x_wconf 74' lang='lat' dir='ltr'><strong>Antiquissimi</strong></span> <span class='ocrx_word' id='word_1_64' title='bbox 529 1000 690 1048; x_wconf 70' lang='lat' dir='ltr'><strong>Romani</strong></span> <span class='ocrx_word' id='word_1_65' title='bbox 709 1004 745 1037; x_wconf 87' lang='lat' dir='ltr'><strong>et</strong></span> <span class='ocrx_word' id='word_1_66' title='bbox 771 1001 914 1048; x_wconf 88' lang='lat' dir='ltr'><strong>quidam</strong></span> <span class='ocrx_word' id='word_1_67' title='bbox 935 1001 1063 1036; x_wconf 87' lang='lat' dir='ltr'><strong>aetatis</strong></span> <span class='ocrx_word' id='word_1_68' title='bbox 1084 1000 1291 1047; x_wconf 83' lang='lat' dir='ltr'><strong>posterioris</strong></span> <span class='ocrx_word' id='word_1_69' title='bbox 1314 1012 1418 1047; x_wconf 81' lang='lat' dir='ltr'><strong>saepe</strong></span> 
     </span>
     <span class='ocr_line' id='line_1_14' title="bbox 160 1052 1419 1105; baseline 0 -11"><span class='ocrx_word' id='word_1_70' title='bbox 160 1072 225 1104; x_wconf 91' lang='lat' dir='ltr'><strong>pro</strong></span> <span class='ocrx_word' id='word_1_71' title='bbox 251 1060 359 1105; x_wconf 84' lang='lat' dir='ltr'><strong>longa</strong></span> <span class='ocrx_word' id='word_1_72' title='bbox 379 1060 394 1094; x_wconf 78' lang='lat' dir='ltr'><em>i</em></span> <span class='ocrx_word' id='word_1_73' title='bbox 413 1060 596 1104; x_wconf 88' lang='lat' dir='ltr'><strong>ponebant</strong></span> <span class='ocrx_word' id='word_1_74' title='bbox 620 1061 660 1102; x_wconf 81' lang='lat' dir='ltr'><strong>ei,</strong></span> <span class='ocrx_word' id='word_1_75' title='bbox 686 1072 750 1105; x_wconf 90' lang='lat' dir='ltr'><strong>pro</strong></span> <span class='ocrx_word' id='word_1_76' title='bbox 776 1052 922 1105; x_wconf 85' lang='lat' dir='ltr'><strong>reliquis</strong></span> <span class='ocrx_word' id='word_1_77' title='bbox 948 1060 1129 1094; x_wconf 87' lang='lat' dir='ltr'><strong>vocalibus</strong></span> <span class='ocrx_word' id='word_1_78' title='bbox 1155 1059 1271 1104; x_wconf 86' lang='lat' dir='ltr'><strong>longis</strong></span> <span class='ocrx_word' id='word_1_79' title='bbox 1292 1060 1419 1094; x_wconf 82' lang='lat' dir='ltr'><strong>voca-les</strong></span> 
     </span>
     <span class='ocr_line' id='line_1_15' title="bbox 159 1115 1420 1163; baseline -0.001 -11"><span class='ocrx_word' id='word_1_80' title='bbox 159 1117 316 1162; x_wconf 67' lang='lat' dir='ltr'><strong>duplices,</strong></span> <span class='ocrx_word' id='word_1_81' title='bbox 341 1118 382 1151; x_wconf 88' lang='lat' dir='ltr'><strong>ut</strong></span> <span class='ocrx_word' id='word_1_82' title='bbox 405 1128 538 1152; x_wconf 86' lang='lat' dir='ltr'><strong>aaram.</strong></span> <span class='ocrx_word' id='word_1_83' title='bbox 590 1115 754 1152; x_wconf 88' lang='lat' dir='ltr'><strong>Ceterum</strong></span> <span class='ocrx_word' id='word_1_84' title='bbox 782 1117 826 1152; x_wconf 88' lang='lat' dir='ltr'><strong>ad</strong></span> <span class='ocrx_word' id='word_1_85' title='bbox 859 1117 1016 1153; x_wconf 75' lang='lat' dir='ltr'><strong>vocalem</strong></span> <span class='ocrx_word' id='word_1_86' title='bbox 1050 1117 1195 1163; x_wconf 85' lang='lat' dir='ltr'><strong>longam</strong></span> <span class='ocrx_word' id='word_1_87' title='bbox 1222 1116 1420 1163; x_wconf 81' lang='lat' dir='ltr'><strong>quamlibet</strong></span> 
     </span>
     <span class='ocr_line' id='line_1_16' title="bbox 160 1175 1418 1221; baseline -0.001 -11"><span class='ocrx_word' id='word_1_88' title='bbox 160 1175 430 1221; x_wconf 82' lang='lat' dir='ltr'><strong>significandam</strong></span> <span class='ocrx_word' id='word_1_89' title='bbox 466 1175 503 1210; x_wconf 91' lang='lat' dir='ltr'><strong>in</strong></span> <span class='ocrx_word' id='word_1_90' title='bbox 518 1203 520 1205; x_wconf 27' lang='lat' dir='ltr'>v</span> <span class='ocrx_word' id='word_1_91' title='bbox 537 1175 828 1221; x_wconf 70' lang='lat' dir='ltr'><strong>inscriptionibus</strong></span> <span class='ocrx_word' id='word_1_92' title='bbox 862 1188 966 1221; x_wconf 81' lang='lat' dir='ltr'>saepe</span> <span class='ocrx_word' id='word_1_93' title='bbox 993 1175 1181 1210; x_wconf 76' lang='lat' dir='ltr'><strong>adhibetur</strong></span> <span class='ocrx_word' id='word_1_94' title='bbox 1214 1187 1315 1220; x_wconf 77' lang='lat' dir='ltr'><strong>apex,</strong></span> <span class='ocrx_word' id='word_1_95' title='bbox 1357 1175 1418 1220; x_wconf 89' lang='lat' dir='ltr'><strong>qui</strong></span> 
     </span>
     <span class='ocr_line' id='line_1_17' title="bbox 161 1232 1420 1278; baseline -0.001 -11"><span class='ocrx_word' id='word_1_96' title='bbox 161 1234 327 1267; x_wconf 85' lang='lat' dir='ltr'><strong>accentus</strong></span> <span class='ocrx_word' id='word_1_97' title='bbox 343 1233 438 1267; x_wconf 78' lang='lat' dir='ltr'><strong>acuti</strong></span> <span class='ocrx_word' id='word_1_98' title='bbox 452 1233 561 1267; x_wconf 87' lang='lat' dir='ltr'><strong>habet</strong></span> <span class='ocrx_word' id='word_1_99' title='bbox 575 1233 738 1277; x_wconf 88' lang='lat' dir='ltr'><strong>formam,</strong></span> <span class='ocrx_word' id='word_1_100' title='bbox 755 1236 791 1267; x_wconf 90' lang='lat' dir='ltr'><strong>et</strong></span> <span class='ocrx_word' id='word_1_101' title='bbox 806 1245 870 1278; x_wconf 90' lang='lat' dir='ltr'><strong>pro</strong></span> <span class='ocrx_word' id='word_1_102' title='bbox 886 1234 901 1267; x_wconf 74' lang='lat' dir='ltr'><em>i</em></span> <span class='ocrx_word' id='word_1_103' title='bbox 915 1233 1024 1278; x_wconf 71' lang='lat' dir='ltr'><strong>lon‘ga</strong></span> <span class='ocrx_word' id='word_1_104' title='bbox 1039 1234 1053 1267; x_wconf 71' lang='lat' dir='ltr'><strong><em>i</em></strong></span> <span class='ocrx_word' id='word_1_105' title='bbox 1068 1234 1232 1277; x_wconf 82' lang='lat' dir='ltr'><strong>porrecta</strong></span> <span class='ocrx_word' id='word_1_106' title='bbox 1246 1235 1286 1267; x_wconf 88' lang='lat' dir='ltr'><strong>ut</strong></span> <span class='ocrx_word' id='word_1_107' title='bbox 1297 1232 1420 1267; x_wconf 80' lang='lat' dir='ltr'><strong>‘vas&#39;.</strong></span> 
     </span>
    </p>

    <p class='ocr_par' dir='ltr' id='par_1_8' title="bbox 161 1289 1467 1574">
     <span class='ocr_line' id='line_1_18' title="bbox 259 1289 1419 1338; baseline 0 -12"><span class='ocrx_word' id='word_1_108' title='bbox 259 1289 484 1338; x_wconf 82' lang='lat' dir='ltr'><strong>Syllabarum</strong></span> <span class='ocrx_word' id='word_1_109' title='bbox 517 1291 699 1337; x_wconf 78' lang='lat' dir='ltr'><strong>quantitas</strong></span> <span class='ocrx_word' id='word_1_110' title='bbox 730 1293 791 1327; x_wconf 85' lang='lat' dir='ltr'><strong>aut</strong></span> <span class='ocrx_word' id='word_1_111' title='bbox 823 1292 968 1338; x_wconf 70' lang='lat' dir='ltr'><strong>ratione,</strong></span> <span class='ocrx_word' id='word_1_112' title='bbox 999 1303 1106 1337; x_wconf 88' lang='lat' dir='ltr'><strong>quam</strong></span> <span class='ocrx_word' id='word_1_113' title='bbox 1132 1290 1336 1338; x_wconf 83' lang='lat' dir='ltr'><strong>analogiam</strong></span> <span class='ocrx_word' id='word_1_114' title='bbox 1360 1303 1419 1326; x_wconf 86' lang='lat' dir='ltr'><strong>vo-</strong></span> 
     </span>
     <span class='ocr_line' id='line_1_19' title="bbox 162 1349 1421 1398; baseline -0.001 -14"><span class='ocrx_word' id='word_1_115' title='bbox 162 1352 245 1385; x_wconf 85' lang='lat' dir='ltr'><strong>cant</strong></span> <span class='ocrx_word' id='word_1_116' title='bbox 275 1349 415 1395; x_wconf 86' lang='lat' dir='ltr'><strong>Graeci,</strong></span> <span class='ocrx_word' id='word_1_117' title='bbox 446 1351 508 1384; x_wconf 86' lang='lat' dir='ltr'><strong>aut</strong></span> <span class='ocrx_word' id='word_1_118' title='bbox 536 1351 735 1385; x_wconf 79' lang='lat' dir='ltr'><strong>auctoritate</strong></span> <span class='ocrx_word' id='word_1_119' title='bbox 764 1350 999 1395; x_wconf 84' lang='lat' dir='ltr'><strong>cognoscitur.</strong></span> <span class='ocrx_word' id='word_1_120' title='bbox 1054 1350 1252 1398; x_wconf 73' lang='lat' dir='ltr'><strong>Auctoritas</strong></span> <span class='ocrx_word' id='word_1_121' title='bbox 1282 1361 1421 1384; x_wconf 87' lang='lat' dir='ltr'><strong>summa</strong></span> 
     </span>
     <span class='ocr_line' id='line_1_20' title="bbox 162 1406 1467 1454; baseline -0.001 -12"><span class='ocrx_word' id='word_1_122' title='bbox 162 1409 217 1443; x_wconf 89' lang='lat' dir='ltr'><strong>est</strong></span> <span class='ocrx_word' id='word_1_123' title='bbox 235 1410 429 1453; x_wconf 78' lang='lat' dir='ltr'><strong>poetarum,</strong></span> <span class='ocrx_word' id='word_1_124' title='bbox 459 1408 611 1442; x_wconf 84' lang='lat' dir='ltr'><strong>maxime</strong></span> <span class='ocrx_word' id='word_1_125' title='bbox 637 1419 759 1443; x_wconf 91' lang='lat' dir='ltr'><strong>eorum</strong></span> <span class='ocrx_word' id='word_1_126' title='bbox 785 1407 845 1454; x_wconf 90' lang='lat' dir='ltr'><strong>qui</strong></span> <span class='ocrx_word' id='word_1_127' title='bbox 871 1408 969 1442; x_wconf 86' lang='lat' dir='ltr'><strong>fuere</strong></span> <span class='ocrx_word' id='word_1_128' title='bbox 994 1419 1017 1442; x_wconf 91' lang='lat' dir='ltr'><strong>a</strong></span> <span class='ocrx_word' id='word_1_129' title='bbox 1041 1408 1198 1442; x_wconf 73' lang='lat' dir='ltr'><strong>Lucretio</strong></span> <span class='ocrx_word' id='word_1_130' title='bbox 1225 1406 1420 1452; x_wconf 77' lang='lat' dir='ltr'><strong>Catulloque</strong></span> <span class='ocrx_word' id='word_1_131' title='bbox 1464 1450 1467 1453; x_wconf 14' lang='grc' dir='ltr'><em>Δ</em></span> 
     </span>
     <span class='ocr_line' id='line_1_21' title="bbox 161 1466 1419 1512; baseline -0.001 -10"><span class='ocrx_word' id='word_1_132' title='bbox 161 1470 193 1503; x_wconf 76' lang='lat' dir='ltr'><strong>el</strong></span> <span class='ocrx_word' id='word_1_133' title='bbox 223 1466 368 1512; x_wconf 75' lang='lat' dir='ltr'><strong>Veryilio</strong></span> <span class='ocrx_word' id='word_1_134' title='bbox 392 1478 496 1512; x_wconf 72' lang='lat' dir='ltr'><strong>usqae</strong></span> <span class='ocrx_word' id='word_1_135' title='bbox 520 1467 568 1502; x_wconf 81' lang='lat' dir='ltr'><strong>ad</strong></span> <span class='ocrx_word' id='word_1_136' title='bbox 590 1466 795 1503; x_wconf 81' lang='lat' dir='ltr'><strong>Iuvenalem.</strong></span> <span class='ocrx_word' id='word_1_137' title='bbox 836 1466 1025 1502; x_wconf 86' lang='lat' dir='ltr'><strong>Praeterea</strong></span> <span class='ocrx_word' id='word_1_138' title='bbox 1056 1466 1281 1502; x_wconf 77' lang='lat' dir='ltr'><strong>observanda</strong></span> <span class='ocrx_word' id='word_1_139' title='bbox 1300 1477 1419 1511; x_wconf 76' lang='lat' dir='ltr'><strong>yram—</strong></span> 
     </span>
     <span class='ocr_line' id='line_1_22' title="bbox 162 1526 924 1574; baseline 0.001 -15"><span class='ocrx_word' id='word_1_140' title='bbox 162 1526 363 1559; x_wconf 80' lang='lat' dir='ltr'><strong>malicorum</strong></span> <span class='ocrx_word' id='word_1_141' title='bbox 387 1528 419 1559; x_wconf 79' lang='lat' dir='ltr'><strong>et</strong></span> <span class='ocrx_word' id='word_1_142' title='bbox 441 1526 703 1574; x_wconf 59' lang='lat' dir='ltr'><strong>inscriptionum</strong></span> <span class='ocrx_word' id='word_1_143' title='bbox 723 1526 924 1560; x_wconf 78' lang='lat' dir='ltr'><strong>testimonia.</strong></span> 
     </span>
    </p>

    <p class='ocr_par' dir='ltr' id='par_1_9' title="bbox 162 1581 1419 1803">
     <span class='ocr_line' id='line_1_23' title="bbox 259 1581 1418 1627; baseline -0.002 -10"><span class='ocrx_word' id='word_1_144' title='bbox 259 1581 301 1617; x_wconf 92' lang='lat' dir='ltr'><strong>In</strong></span> <span class='ocrx_word' id='word_1_145' title='bbox 326 1594 363 1617; x_wconf 86' lang='lat' dir='ltr'><strong>m</strong></span> <span class='ocrx_word' id='word_1_146' title='bbox 387 1584 553 1617; x_wconf 73' lang='lat' dir='ltr'><strong>exeuntes</strong></span> <span class='ocrx_word' id='word_1_147' title='bbox 584 1582 709 1618; x_wconf 84' lang='lat' dir='ltr'><strong>finales</strong></span> <span class='ocrx_word' id='word_1_148' title='bbox 734 1582 878 1617; x_wconf 88' lang='lat' dir='ltr'><strong>fuerunt</strong></span> <span class='ocrx_word' id='word_1_149' title='bbox 902 1582 1041 1627; x_wconf 85' lang='lat' dir='ltr'><strong>breves,</strong></span> <span class='ocrx_word' id='word_1_150' title='bbox 1074 1582 1126 1616; x_wconf 88' lang='lat' dir='ltr'><strong>ita</strong></span> <span class='ocrx_word' id='word_1_151' title='bbox 1151 1581 1293 1627; x_wconf 88' lang='lat' dir='ltr'><strong>quidem</strong></span> <span class='ocrx_word' id='word_1_152' title='bbox 1319 1584 1360 1616; x_wconf 88' lang='lat' dir='ltr'><strong>ut</strong></span> <span class='ocrx_word' id='word_1_153' title='bbox 1385 1593 1418 1615; x_wconf 86' lang='lat' dir='ltr'><strong>m</strong></span> 
     </span>
     <span class='ocr_line' id='line_1_24' title="bbox 162 1632 1419 1685; baseline -0.002 -10"><span class='ocrx_word' id='word_1_154' title='bbox 162 1653 235 1676; x_wconf 91' lang='lat' dir='ltr'><strong>non</strong></span> <span class='ocrx_word' id='word_1_155' title='bbox 261 1643 434 1685; x_wconf 79' lang='lat' dir='ltr'><strong>exempta,</strong></span> <span class='ocrx_word' id='word_1_156' title='bbox 459 1641 520 1675; x_wconf 88' lang='lat' dir='ltr'><strong>sed</strong></span> <span class='ocrx_word' id='word_1_157' title='bbox 541 1641 729 1675; x_wconf 81' lang='lat' dir='ltr'><strong>obscurata</strong></span> <span class='ocrx_word' id='word_1_158' title='bbox 749 1653 880 1675; x_wconf 86' lang='lat' dir='ltr'><strong>novum</strong></span> <span class='ocrx_word' id='word_1_159' title='bbox 904 1632 1078 1685; x_wconf 84' lang='lat' dir='ltr'><strong>quendam</strong></span> <span class='ocrx_word' id='word_1_160' title='bbox 1101 1652 1227 1674; x_wconf 86' lang='lat' dir='ltr'><strong>sonum</strong></span> <span class='ocrx_word' id='word_1_161' title='bbox 1247 1639 1419 1684; x_wconf 85' lang='lat' dir='ltr'><strong>redderet,</strong></span> 
     </span>
     <span class='ocr_line' id='line_1_25' title="bbox 163 1697 1418 1744; baseline -0.002 -11"><span class='ocrx_word' id='word_1_162' title='bbox 163 1700 203 1733; x_wconf 92' lang='lat' dir='ltr'><strong>ut</strong></span> <span class='ocrx_word' id='word_1_163' title='bbox 234 1698 272 1733; x_wconf 88' lang='lat' dir='ltr'><strong>in</strong></span> <span class='ocrx_word' id='word_1_164' title='bbox 304 1698 477 1733; x_wconf 88' lang='lat' dir='ltr'><strong>vocabulo</strong></span> <span class='ocrx_word' id='word_1_165' title='bbox 509 1697 779 1744; x_wconf 86' lang='lat' dir='ltr'><strong>Francogallico</strong></span> <span class='ocrx_word' id='word_1_166' title='bbox 811 1709 897 1733; x_wconf 84' lang='lat' dir='ltr'><strong>nom</strong></span> <span class='ocrx_word' id='word_1_167' title='bbox 957 1698 1083 1743; x_wconf 87' lang='lat' dir='ltr'><strong>Itaque</strong></span> <span class='ocrx_word' id='word_1_168' title='bbox 1115 1698 1153 1731; x_wconf 90' lang='lat' dir='ltr'><strong>in</strong></span> <span class='ocrx_word' id='word_1_169' title='bbox 1183 1709 1218 1732; x_wconf 87' lang='lat' dir='ltr'><strong>m</strong></span> <span class='ocrx_word' id='word_1_170' title='bbox 1251 1699 1418 1732; x_wconf 85' lang='lat' dir='ltr'><strong>exeuntes</strong></span> 
     </span>
     <span class='ocr_line' id='line_1_26' title="bbox 163 1756 1238 1803; baseline -0.001 -12"><span class='ocrx_word' id='word_1_171' title='bbox 163 1758 314 1803; x_wconf 84' lang='lat' dir='ltr'><strong>possunt</strong></span> <span class='ocrx_word' id='word_1_172' title='bbox 339 1756 440 1801; x_wconf 89' lang='lat' dir='ltr'><strong>quasi</strong></span> <span class='ocrx_word' id='word_1_173' title='bbox 463 1756 601 1791; x_wconf 87' lang='lat' dir='ltr'><strong>mediae</strong></span> <span class='ocrx_word' id='word_1_174' title='bbox 626 1756 750 1791; x_wconf 87' lang='lat' dir='ltr'><strong>haberi</strong></span> <span class='ocrx_word' id='word_1_175' title='bbox 775 1756 868 1791; x_wconf 87' lang='lat' dir='ltr'><strong>inter</strong></span> <span class='ocrx_word' id='word_1_176' title='bbox 892 1756 1016 1791; x_wconf 86' lang='lat' dir='ltr'><strong>breves</strong></span> <span class='ocrx_word' id='word_1_177' title='bbox 1042 1757 1078 1790; x_wconf 89' lang='lat' dir='ltr'><strong>et</strong></span> <span class='ocrx_word' id='word_1_178' title='bbox 1102 1756 1238 1801; x_wconf 86' lang='lat' dir='ltr'><strong>longas.</strong></span> 
     </span>
    </p>

    <p class='ocr_par' dir='ltr' id='par_1_10' title="bbox 165 1800 1418 1918">
     <span class='ocr_line' id='line_1_27' title="bbox 262 1800 1418 1860; baseline 0 -12"><span class='ocrx_word' id='word_1_179' title='bbox 262 1813 350 1849; x_wconf 85' lang='lat' dir='ltr'><strong>Cum</strong></span> <span class='ocrx_word' id='word_1_180' title='bbox 372 1814 499 1860; x_wconf 86' lang='lat' dir='ltr'><strong>longae</strong></span> <span class='ocrx_word' id='word_1_181' title='bbox 521 1814 669 1849; x_wconf 88' lang='lat' dir='ltr'><strong>duarum</strong></span> <span class='ocrx_word' id='word_1_182' title='bbox 690 1814 851 1849; x_wconf 85' lang='lat' dir='ltr'><strong>brevium</strong></span> <span class='ocrx_word' id='word_1_183' title='bbox 873 1814 945 1849; x_wconf 84' lang='lat' dir='ltr'><strong>sint</strong></span> <span class='ocrx_word' id='word_1_184' title='bbox 964 1814 1087 1859; x_wconf 86' lang='lat' dir='ltr'><strong>instar,</strong></span> <span class='ocrx_word' id='word_1_185' title='bbox 1108 1825 1182 1848; x_wconf 90' lang='lat' dir='ltr'><strong>non</strong></span> <span class='ocrx_word' id='word_1_186' title='bbox 1203 1800 1322 1859; x_wconf 82' lang='lat' dir='ltr'><strong>potest</strong></span> <span class='ocrx_word' id='word_1_187' title='bbox 1342 1825 1418 1848; x_wconf 84' lang='lat' dir='ltr'><strong>esse</strong></span> 
     </span>
     <span class='ocr_line' id='line_1_28' title="bbox 165 1872 1421 1918; baseline -0.001 -10"><span class='ocrx_word' id='word_1_188' title='bbox 165 1873 290 1908; x_wconf 87' lang='lat' dir='ltr'><strong>mirum</strong></span> <span class='ocrx_word' id='word_1_189' title='bbox 316 1875 348 1908; x_wconf 75' lang='lat' dir='ltr'><strong>el</strong></span> <span class='ocrx_word' id='word_1_190' title='bbox 371 1872 591 1918; x_wconf 66' lang='lat' dir='ltr'><strong>diphthonqos</strong></span> <span class='ocrx_word' id='word_1_191' title='bbox 614 1875 646 1908; x_wconf 73' lang='lat' dir='ltr'><strong>et</strong></span> <span class='ocrx_word' id='word_1_192' title='bbox 668 1873 795 1909; x_wconf 83' lang='lat' dir='ltr'><strong>vocales</strong></span> <span class='ocrx_word' id='word_1_193' title='bbox 824 1875 1011 1909; x_wconf 74' lang='lat' dir='ltr'><strong>contractas</strong></span> <span class='ocrx_word' id='word_1_194' title='bbox 1040 1884 1167 1917; x_wconf 80' lang='lat' dir='ltr'><strong>semper</strong></span> <span class='ocrx_word' id='word_1_195' title='bbox 1197 1883 1264 1908; x_wconf 84' lang='lat' dir='ltr'><strong>esse</strong></span> <span class='ocrx_word' id='word_1_196' title='bbox 1295 1872 1421 1917; x_wconf 74' lang='lat' dir='ltr'><strong>lonyas.</strong></span> 
     </span>
    </p>

    <p class='ocr_par' dir='ltr' id='par_1_11' title="bbox 164 1931 1423 2155">
     <span class='ocr_line' id='line_1_29' title="bbox 263 1931 1423 1976; baseline -0.001 -10"><span class='ocrx_word' id='word_1_197' title='bbox 263 1931 396 1967; x_wconf 80' lang='lat' dir='ltr'><strong>Graeca</strong></span> <span class='ocrx_word' id='word_1_198' title='bbox 429 1932 467 1967; x_wconf 77' lang='lat' dir='ltr'><strong>in</strong></span> <span class='ocrx_word' id='word_1_199' title='bbox 495 1932 663 1967; x_wconf 78' lang='lat' dir='ltr'><strong>Latinum</strong></span> <span class='ocrx_word' id='word_1_200' title='bbox 696 1943 881 1968; x_wconf 80' lang='lat' dir='ltr'><strong>sermonem</strong></span> <span class='ocrx_word' id='word_1_201' title='bbox 916 1932 1086 1967; x_wconf 79' lang='lat' dir='ltr'><strong>translata</strong></span> <span class='ocrx_word' id='word_1_202' title='bbox 1109 1932 1291 1976; x_wconf 72' lang='lat' dir='ltr'><strong>propriam</strong></span> <span class='ocrx_word' id='word_1_203' title='bbox 1316 1942 1423 1975; x_wconf 76' lang='lat' dir='ltr'><strong>paene</strong></span> 
     </span>
     <span class='ocr_line' id='line_1_30' title="bbox 164 1989 1422 2037; baseline -0.002 -11"><span class='ocrx_word' id='word_1_204' title='bbox 164 2002 292 2036; x_wconf 76' lang='lat' dir='ltr'><strong>semper</strong></span> <span class='ocrx_word' id='word_1_205' title='bbox 325 1993 461 2026; x_wconf 77' lang='lat' dir='ltr'><strong>servant</strong></span> <span class='ocrx_word' id='word_1_206' title='bbox 492 1991 729 2037; x_wconf 79' lang='lat' dir='ltr'><strong>quantitatem,</strong></span> <span class='ocrx_word' id='word_1_207' title='bbox 769 1990 923 2037; x_wconf 84' lang='lat' dir='ltr'><strong>exceptis</strong></span> <span class='ocrx_word' id='word_1_208' title='bbox 960 1990 1010 2026; x_wconf 88' lang='lat' dir='ltr'><strong>eis</strong></span> <span class='ocrx_word' id='word_1_209' title='bbox 1052 2002 1141 2037; x_wconf 88' lang='lat' dir='ltr'><strong>quac</strong></span> <span class='ocrx_word' id='word_1_210' title='bbox 1177 1989 1422 2036; x_wconf 86' lang='lat' dir='ltr'><strong>antiquissimo</strong></span> 
     </span>
     <span class='ocr_line' id='line_1_31' title="bbox 164 2045 1423 2096; baseline -0.001 -11"><span class='ocrx_word' id='word_1_211' title='bbox 164 2052 323 2095; x_wconf 89' lang='lat' dir='ltr'><strong>tempore</strong></span> <span class='ocrx_word' id='word_1_212' title='bbox 340 2051 424 2084; x_wconf 88' lang='lat' dir='ltr'><strong>sunt</strong></span> <span class='ocrx_word' id='word_1_213' title='bbox 437 2051 589 2096; x_wconf 81' lang='lat' dir='ltr'><strong>recepta,</strong></span> <span class='ocrx_word' id='word_1_214' title='bbox 603 2052 644 2085; x_wconf 83' lang='lat' dir='ltr'><strong>ut</strong></span> <span class='ocrx_word' id='word_1_215' title='bbox 657 2049 795 2095; x_wconf 63' lang='lat' dir='ltr'><strong>cre‘ffl‘da</strong></span> <span class='ocrx_word' id='word_1_216' title='bbox 810 2048 1057 2096; x_wconf 81' lang='grc' dir='ltr'>(κρηπῖδα),</span> <span class='ocrx_word' id='word_1_217' title='bbox 1073 2049 1249 2094; x_wconf 76' lang='lat' dir='ltr'><strong>Apollinis</strong></span> <span class='ocrx_word' id='word_1_218' title='bbox 1263 2045 1423 2095; x_wconf 74' lang='grc' dir='ltr'><strong>(Ἀπόλ-</strong></span> 
     </span>
     <span class='ocr_line' id='line_1_32' title="bbox 165 2107 438 2155; baseline 0.011 -12"><span class='ocrx_word' id='word_1_219' title='bbox 165 2107 331 2155; x_wconf 81' lang='grc' dir='ltr'><strong>λωνος).</strong></span> <span class='ocrx_word' id='word_1_220' title='bbox 436 2143 438 2146; x_wconf 95' lang='grc'>.</span> 
     </span>
    </p>

    <p class='ocr_par' dir='ltr' id='par_1_12' title="bbox 166 2166 1430 2329">
     <span class='ocr_line' id='line_1_33' title="bbox 264 2166 1430 2214; baseline -0.002 -12"><span class='ocrx_word' id='word_1_221' title='bbox 264 2167 354 2203; x_wconf 76' lang='lat' dir='ltr'><strong>Item</strong></span> <span class='ocrx_word' id='word_1_222' title='bbox 379 2167 526 2202; x_wconf 84' lang='lat' dir='ltr'><strong>barbara</strong></span> <span class='ocrx_word' id='word_1_223' title='bbox 550 2166 724 2214; x_wconf 75' lang='lat' dir='ltr'><strong>vocabula,</strong></span> <span class='ocrx_word' id='word_1_224' title='bbox 748 2179 834 2212; x_wconf 79' lang='lat' dir='ltr'><strong>quae</strong></span> <span class='ocrx_word' id='word_1_225' title='bbox 857 2179 898 2203; x_wconf 76' lang='lat' dir='ltr'><strong>ex</strong></span> <span class='ocrx_word' id='word_1_226' title='bbox 923 2166 1056 2203; x_wconf 83' lang='lat' dir='ltr'><strong>Graeca</strong></span> <span class='ocrx_word' id='word_1_227' title='bbox 1080 2167 1199 2212; x_wconf 72' lang='lat' dir='ltr'><strong>linqua</strong></span> <span class='ocrx_word' id='word_1_228' title='bbox 1222 2168 1430 2201; x_wconf 64' lang='lat' dir='ltr'><strong>accesserunt</strong></span> 
     </span>
     <span class='ocr_line' id='line_1_34' title="bbox 166 2225 1426 2273; baseline -0.002 -12"><span class='ocrx_word' id='word_1_229' title='bbox 166 2227 325 2272; x_wconf 76' lang='lat' dir='ltr'><strong>Latinae,</strong></span> <span class='ocrx_word' id='word_1_230' title='bbox 340 2226 546 2272; x_wconf 87' lang='lat' dir='ltr'><strong>plerumque</strong></span> <span class='ocrx_word' id='word_1_231' title='bbox 562 2228 705 2261; x_wconf 85' lang='lat' dir='ltr'><strong>servant</strong></span> <span class='ocrx_word' id='word_1_232' title='bbox 720 2225 875 2261; x_wconf 85' lang='lat' dir='ltr'><strong>Graecae</strong></span> <span class='ocrx_word' id='word_1_233' title='bbox 889 2226 1047 2273; x_wconf 86' lang='lat' dir='ltr'><strong>linguae</strong></span> <span class='ocrx_word' id='word_1_234' title='bbox 1050 2225 1295 2271; x_wconf 78' lang='lat' dir='ltr'><strong>quantitatem.</strong></span> <span class='ocrx_word' id='word_1_235' title='bbox 1333 2225 1426 2269; x_wconf 85' lang='lat' dir='ltr'><strong>Alia,</strong></span> 
     </span>
     <span class='ocr_line' id='line_1_35' title="bbox 167 2279 1165 2329; baseline -0.001 -10"><span class='ocrx_word' id='word_1_236' title='bbox 167 2286 207 2319; x_wconf 89' lang='lat' dir='ltr'><strong>ut</strong></span> <span class='ocrx_word' id='word_1_237' title='bbox 231 2284 334 2328; x_wconf 82' lang='lat' dir='ltr'><strong>Afra,</strong></span> <span class='ocrx_word' id='word_1_238' title='bbox 359 2282 492 2326; x_wconf 69' lang='lat' dir='ltr'><strong>Ceam,</strong></span> <span class='ocrx_word' id='word_1_239' title='bbox 517 2292 784 2329; x_wconf 83' lang='lat' dir='ltr'><strong>nonnumquam</strong></span> <span class='ocrx_word' id='word_1_240' title='bbox 808 2284 986 2319; x_wconf 88' lang='lat' dir='ltr'><strong>habentur</strong></span> <span class='ocrx_word' id='word_1_241' title='bbox 1010 2279 1165 2319; x_wconf 84' lang='lat' dir='ltr'><strong>liberius.</strong></span> 
     </span>
    </p>

    <p class='ocr_par' dir='ltr' id='par_1_13' title="bbox 168 2340 1425 2446">
     <span class='ocr_line' id='line_1_36' title="bbox 266 2340 1425 2389; baseline -0.003 -11"><span class='ocrx_word' id='word_1_242' title='bbox 266 2341 418 2378; x_wconf 68' lang='lat' dir='ltr'><strong>Ceterum</strong></span> <span class='ocrx_word' id='word_1_243' title='bbox 442 2342 613 2378; x_wconf 69' lang='lat' dir='ltr'><strong>commum*</strong></span> <span class='ocrx_word' id='word_1_244' title='bbox 636 2342 678 2388; x_wconf 74' lang='lat' dir='ltr'><strong>fit</strong></span> <span class='ocrx_word' id='word_1_245' title='bbox 701 2342 768 2389; x_wconf 75' lang='lat' dir='ltr'><strong>leye</strong></span> <span class='ocrx_word' id='word_1_246' title='bbox 793 2342 1000 2388; x_wconf 73' lang='lat' dir='ltr'><strong>linymram,</strong></span> <span class='ocrx_word' id='word_1_247' title='bbox 1024 2344 1064 2377; x_wconf 75' lang='lat' dir='ltr'><strong>ut</strong></span> <span class='ocrx_word' id='word_1_248' title='bbox 1088 2342 1205 2387; x_wconf 66' lang='lat' dir='ltr'><strong>{onyae</strong></span> <span class='ocrx_word' id='word_1_249' title='bbox 1222 2341 1339 2386; x_wconf 77' lang='lat' dir='ltr'><strong>potius</strong></span> <span class='ocrx_word' id='word_1_250' title='bbox 1357 2340 1425 2385; x_wconf 75' lang='lat' dir='ltr'><strong>syl-</strong></span> 
     </span>
     <span class='ocr_line' id='line_1_37' title="bbox 168 2401 1039 2446; baseline 0 -10"><span class='ocrx_word' id='word_1_251' title='bbox 168 2401 263 2436; x_wconf 77' lang='lat' dir='ltr'><strong>labae</strong></span> <span class='ocrx_word' id='word_1_252' title='bbox 286 2401 516 2446; x_wconf 47' lang='lat' dir='ltr'><strong>commetamur</strong></span> <span class='ocrx_word' id='word_1_253' title='bbox 540 2412 643 2446; x_wconf 77' lang='lat' dir='ltr'><strong>quam</strong></span> <span class='ocrx_word' id='word_1_254' title='bbox 660 2402 897 2446; x_wconf 73' lang='lat' dir='ltr'><strong>producantur</strong></span> <span class='ocrx_word' id='word_1_255' title='bbox 921 2401 1039 2436; x_wconf 78' lang='lat' dir='ltr'><strong>breves.</strong></span> 
     </span>
    </p>
   </div>
   <div class='ocr_carea' id='block_1_6' title="bbox 1782 0 1835 2034">
    <p class='ocr_par' dir='ltr' id='par_1_14' title="bbox 1782 0 1835 2034">
     <span class='ocr_line' id='line_1_38' title="bbox 1782 0 1835 2034; baseline 0 0"><span class='ocrx_word' id='word_1_256' title='bbox 1782 0 1835 2034; x_wconf 95' lang='lat' dir='ltr'><strong> </strong></span> 
     </span>
    </p>
   </div>
  </div>
 </body>
</html>
