1835 2904
581 223 605 252 1.
637 221 691 252 Du
713 221 1039 268 onmoemmA.
1391 221 1436 255 21

470 351 474 352 .
629 310 675 339 De
695 310 717 348 f,
737 310 786 348 oh,
804 310 859 347 ph,
878 310 924 347 th,
942 309 990 339 rh.
1124 343 1126 346 Α

281 371 471 417 Aspiratae
501 370 554 416 ch,
574 370 638 415 ph,
664 370 713 415 th,
737 369 780 404 rh
809 369 854 404 ab
880 380 911 404 a.
931 369 1002 404 fere
1031 369 1101 405 130
1122 381 1152 404 a.
1169 368 1251 405 Chr.
1277 372 1362 405 sunt
1387 381 1438 404 re-

182 431 321 474 ceptae:
357 430 439 463 ante
472 428 626 463 Romani
660 427 826 463 consonis
857 439 931 462 non
962 427 1202 472 adspirabant.
1233 447 1280 453 —
1312 426 1440 462 Differt

182 487 312 533 quippe
347 487 435 522 satis
470 486 622 521 multum
656 485 900 521 Romanorum
927 485 952 529 f
971 483 1082 532 (quod
1111 483 1365 530 pronuntiatur
1399 488 1439 520 ut

181 545 378 580 Russorum
403 546 439 579 et
465 543 721 579 Germanorum
747 543 867 578 littera
891 542 1036 589 eadem)
1063 555 1085 577 a
1110 542 1245 578 Graeco
1270 556 1314 588 φ,
1344 544 1438 589 quod

180 602 272 638 nihil
303 604 357 638 est
386 602 457 637 nisi
480 614 509 647 p
539 613 619 637 cum
650 601 786 647 spiritu.
840 601 964 647 Itaque
995 603 1079 636 ante
1108 602 1133 645 f
1155 602 1241 647 poni
1271 601 1377 636 debet
1404 613 1438 646 n,

180 674 253 697 non
278 673 322 696 m.
876 656 882 658 ’

278 719 527 766 Aspiratarum
553 720 673 754 tamen
697 719 736 753 in
755 719 894 754 Latinis
919 718 1103 753 vocabulis
1130 730 1269 764 semper
1289 719 1436 765 exiguus

180 779 249 814 fuit
273 791 368 814 usus.
423 778 483 813 Ph
508 780 544 813 et
568 778 610 813 rh
634 780 775 824 praeter
804 778 866 813 illa
892 777 1036 824 limpha,
1051 777 1267 828 Ἰΐνίιιφνιρήαε,
1296 778 1438 823 sulphur

179 839 321 872 tantum
341 839 503 883 receptae
524 837 560 871 in
582 837 754 872 vocabula
774 835 909 872 Graeca
929 837 985 871 vel
1005 836 1168 881 barbara,
1188 838 1230 871 ut
1243 836 1436 882 Philam,

178 894 335 938 Rhem‹s;
366 896 419 941 eh,
449 896 485 930 th
510 907 780 941 nonnumquam
800 895 906 930 etiam
928 895 965 930 in
985 894 1130 940 Latina,
1156 897 1196 929 ut
1213 895 1364 940 pulcher,
1387 907 1436 930 se-

171 953 365 999 pulchrum,
400 953 493 989 Otho.
551 953 620 988 Pro
647 952 861 988 Graecorum
882 952 927 999 ρῤ
949 953 1075 988 Latine
1096 956 1215 998 potest
1235 953 1341 988 scribi
1363 954 1436 988 sive

177 1024 217 1046 rr
237 1012 310 1047 sive
332 1013 402 1047 rrh.

275 1069 462 1106 Consonae
488 1071 664 1116 aspiratae
689 1082 762 1105 non
787 1070 1019 1117 geminantur.

246 1175 249 1178 ἢ
275 1128 458 1164 Interdum
489 1129 512 1163 h
541 1141 605 1174 per
637 1141 793 1164 errorem
823 1141 844 1163 a
874 1128 1046 1163 Romanis
1082 1129 1189 1163 etiam
1221 1128 1362 1163 additur
1395 1129 1432 1163 in

177 1186 321 1222 Graecis
346 1187 474 1222 litteris
501 1199 591 1233 quae
617 1189 700 1222 sunt
723 1199 749 1232 e,
767 1199 805 1232 p,
831 1190 853 1229 t,
879 1190 919 1222 ut
943 1187 1127 1232 Riphaeus,
1152 1187 1359 1232 Bosphorus.

755 1277 801 1306 De
821 1277 851 1307 k.

274 1326 376 1363 Conf.
401 1329 432 1372 ἓ.
460 1328 490 1362 7.

763 1384 808 1413 De
828 1384 848 1414 l.

273 1445 305 1480 L
330 1444 558 1490 praecedente
583 1445 692 1491 longa
718 1456 821 1490 saepe
847 1444 1057 1491 duplicatur,
1082 1446 1121 1479 ut
1141 1445 1296 1489 querella.
1343 1443 1433 1480 Con-

176 1506 234 1537 tra
259 1505 426 1549 sequente
452 1504 480 1548 i,
510 1515 600 1548 quae
631 1515 704 1538 non
734 1503 782 1537 sit
811 1503 927 1537 finalis
953 1503 1201 1538 declinationis
1231 1504 1287 1537 vel
1317 1504 1434 1538 coniu-

176 1561 346 1607 gationis,
372 1572 476 1606 saepe
503 1560 616 1595 altera
642 1561 654 1595 l
679 1560 900 1606 subducitur,
925 1563 966 1595 ut
990 1561 1094 1610 mille,
1119 1561 1230 1603 milia,
1256 1562 1432 1603 Messalla,

175 1620 376 1654 Messalina.

750 1676 795 1705 De
816 1686 856 1705 m.

272 1737 322 1772 M
341 1739 509 1783 sequente
535 1738 559 1772 d
582 1738 637 1772 vel
663 1739 677 1772 t
701 1749 839 1783 semper
869 1739 1027 1773 mutatur
1056 1737 1094 1772 in
1119 1749 1158 1783 n,
1194 1739 1234 1772 ut
1258 1738 1432 1782 quendam.

223 1835 225 1837 ,
273 1795 447 1841 Sequente
468 1808 485 1830 e
504 1796 590 1830 item
612 1796 742 1830 transit
761 1796 799 1830 in
819 1808 853 1840 n,
877 1796 1084 1841 plerumque
1105 1796 1215 1830 etiam
1235 1798 1317 1830 ante
1337 1808 1368 1840 q,
1393 1799 1433 1830 ut

177 1855 298 1888 tamen
320 1854 460 1900 saepius
482 1854 657 1889 scribatur
677 1865 721 1900 m,
746 1856 787 1888 ut
806 1855 1013 1899 quicumque,
1033 1865 1205 1901 umquam,
1223 1864 1433 1898 quemqumn,

175 1925 328 1957 namque.
374 1913 431 1947 Ita
457 1916 535 1947 tunc
560 1913 692 1947 factum
719 1925 760 1947 ex
789 1916 911 1955 tumea
938 1915 974 1947 et
994 1916 1065 1947 tum
1085 1924 1161 1948 eum
1181 1914 1433 1958 pronuntiatur

175 1976 309 2004 iuncum
335 1969 384 2015 (d.
400 1982 426 2004 r.
445 1983 490 2004 m.
507 1969 605 2016 239).

270 2040 305 2063 m
330 2028 367 2063 in
393 2028 462 2063 fine
484 2028 645 2063 vocabuli
666 2040 790 2074 pamm
812 2030 926 2074 sonat,
951 2030 991 2063 ut
1011 2029 1049 2063 in
1070 2028 1322 2075 francogallico
1342 2040 1430 2064 nom.
1503 2069 1507 2071 ¹

173 2086 257 2121 Ideo
283 2087 491 2133 insequente
517 2087 631 2121 vocali
657 2087 798 2122 elisioni
821 2100 895 2122 non
920 2087 1048 2122 obstat.

753 2178 799 2208 De
817 2188 848 2208 n.

271 2238 314 2272 N
323 2238 501 2273 omittitur
521 2240 603 2273 ante
620 2249 668 2282 yn
688 2240 724 2272 et
743 2231 921 2272 interdum
937 2240 1018 2272 ante
1034 2249 1060 2279 e,
1081 2240 1121 2272 ut
1139 2239 1282 2283 iynoseo,
1301 2242 1430 2274 nactus.

271 2295 313 2330 N
338 2296 570 2341 praecedente
599 2296 707 2342 longa
738 2297 774 2330 et
804 2297 971 2341 sequente
1005 2307 1023 2330 s
1055 2296 1175 2344 minus
1211 2296 1431 2332 audiebatur.

172 2353 297 2399 Itaque
322 2354 500 2388 interdum
527 2354 718 2399 omittitur,
747 2355 789 2388 ut
817 2354 984 2389 semestris
1007 2366 1072 2399 pro
1098 2355 1303 2399 semenstris,
1327 2355 1431 2390 decies

172 2423 235 2456 pro
269 2412 411 2457 deciens,
445 2414 537 2447 toties
567 2425 632 2458 pro
666 2413 792 2448 totiens.
846 2410 940 2447 Nam
977 2413 1070 2459 quod
1107 2413 1230 2448 dicunt
1265 2413 1428 2449 nonnulli
