1835 2904
352 243 396 277 10
775 242 799 270 1.
834 241 887 271 DE
910 224 1239 271 camoenarum.

349 332 508 378 scriptis:
544 343 628 367 nam
653 331 786 366 multas
813 332 963 377 apparet
987 332 1050 366 aut
1078 330 1264 366 hominum
1289 341 1366 365 esse
1391 329 1612 376 plebeiorum

349 392 456 437 atque
487 390 712 425 indoctorum
743 391 807 425 aut
837 401 974 435 eorum,
1005 401 1027 424 a
1056 388 1183 435 quibus
1218 388 1479 435 scalperentur,
1509 389 1613 435 culpa

350 448 571 494 depravatas.
627 447 743 489 Quare
779 459 822 482 ex
857 447 1150 493 inscriptionibus
1170 446 1338 481 >maxime
1372 446 1612 493 respiciendas

349 509 498 553 apparet
523 518 599 550 eas,
625 518 715 553 quae
741 506 886 553 publica
911 501 1123 542 auctoritate
1149 505 1223 541 sint
1247 504 1363 541 factae
1389 505 1434 541 ab
1458 505 1612 552 Augusti

348 565 429 601 inde
454 567 615 612 tempore
641 566 687 601 ad
711 565 987 602 Antoninorum.

448 624 613 661 Ceterum
645 627 680 660 et
708 625 982 671 inscriptionum
1013 624 1227 671 optimarum
1258 626 1294 660 et
1323 625 1610 660 membranarum

348 684 737 729 praestantissimarum
767 684 973 720 testimonia
1002 684 1054 719 ita
1084 683 1176 718 inter
1208 695 1246 718 se
1279 683 1464 719 concinere
1496 684 1613 719 solent

348 744 386 776 et
416 742 635 788 conspirare,
670 745 711 777 ut
739 742 843 777 facile
872 742 1062 788 intellegas
1092 742 1228 776 neutris
1261 753 1366 787 posse
1395 753 1462 777 nos
1494 754 1611 777 carere

350 799 395 835 ad
426 799 721 846 orthographiam
752 799 920 835 Latinam
950 798 1244 834 constituendam.
1294 798 1403 835 Cuius
1433 799 1485 834 rei
1514 799 1611 834 miri-

349 857 454 893 ficum
481 859 731 894 documentum
757 860 811 893 est
835 859 917 901 hoc,
943 857 1036 903 quod
1057 857 1242 902 Porfyrius
1263 857 1493 903 Optatianus,
1518 856 1610 893 Gon-

348 916 509 952 stantino
535 916 668 964 Magno
698 917 873 963 aequalis,
903 917 1011 961 homo
1038 915 1157 952 Latini
1188 916 1361 952 sermonis
1392 916 1528 961 peritus
1553 916 1609 951 ad-

346 974 508 1020 modum,
532 986 610 1009 cum
634 975 849 1010 carminibus
870 974 1176 1010 artificiosissimis
1197 975 1391 1010 multorum
1412 975 1611 1021 verborum,

346 1033 475 1078 quibus
502 1034 629 1079 utitur,
660 1034 871 1079 scripturam
898 1033 1121 1079 apertissime
1147 1033 1349 1076 declararit,
1374 1033 1461 1068 locis
1486 1033 1609 1079 pleris-

345 1103 412 1137 que
434 1103 476 1125 eo
492 1091 606 1126 utitur
622 1091 799 1126 scribendi
816 1091 937 1137 modo,
963 1092 1022 1137 qui
1043 1093 1079 1126 et
1099 1091 1260 1126 codicum
1281 1093 1317 1126 et
1336 1091 1608 1137 inscriptionum

345 1149 558 1184 auctoritate
584 1150 767 1185 adseritur.

928 1248 959 1290 ἓ.
986 1246 1017 1281 5.

707 1321 761 1350 De
787 1320 1009 1350 auctoritate
1033 1321 1242 1357 poetarum.

442 1380 520 1418 Iam
547 1395 628 1418 cum
648 1385 684 1426 et
709 1382 875 1418 librarios
897 1383 933 1417 et
956 1374 1228 1428 inscriptionum
1253 1384 1415 1418 auctores
1436 1386 1608 1429 appareat

345 1454 386 1476 eo
413 1442 530 1488 magis
550 1441 617 1477 fide
638 1441 782 1488 dignos,
807 1453 877 1487 quo
900 1440 1098 1476 accuratius
1121 1443 1204 1476 sunt
1224 1441 1336 1477 secuti
1357 1443 1605 1478 auctoritatem

345 1499 662 1545 grammaticorum
683 1511 773 1535 saec.
793 1511 827 1545 p.
848 1498 929 1534 Chr.
950 1511 985 1534 n.
1005 1499 1038 1544 I,
1063 1501 1184 1533 tamen
1208 1511 1253 1534 ne
1280 1511 1415 1535 errores
1436 1500 1608 1544 oriantur,

343 1558 439 1592 haud
472 1559 524 1593 ita
557 1570 639 1593 raro
671 1558 865 1593 deserenda
896 1557 1005 1592 etiam
1034 1557 1161 1592 horum
1193 1557 1334 1602 placita.
1385 1556 1479 1593 Satis
1512 1560 1606 1594 enim

345 1617 487 1652 constat
507 1628 583 1664 eos,
604 1616 775 1652 doctrinis
798 1615 990 1662 impeditos
1005 1615 1121 1662 falsis,
1141 1615 1321 1651 interdum
1341 1617 1606 1653 commendasse

345 1677 540 1722 scripturas
571 1677 678 1723 tales,
710 1689 799 1723 quae
829 1676 929 1712 nullo
960 1675 1066 1711 modo
1093 1687 1271 1722 congruae
1303 1678 1423 1712 essent
1452 1689 1606 1723 pronun·
1642 1693 1650 1699 ·

346 1734 459 1768 tiandi
481 1735 740 1769 consuetudini.
783 1734 919 1775 Quibus
946 1746 1025 1768 cum
1047 1736 1183 1784 veteres
1204 1734 1359 1769 Romani
1379 1735 1434 1768 uti
1458 1737 1607 1780 possent

346 1792 422 1827 sine
448 1793 521 1828 ullo
547 1793 704 1839 periculo
738 1793 830 1828 male
860 1791 1131 1839 pronuntiandi,
1164 1792 1295 1839 quippe
1327 1792 1454 1839 quibus
1484 1793 1607 1829 nativa

346 1853 439 1884 esset
466 1853 501 1884 et
527 1864 548 1885 a
572 1853 781 1896 parentibus
807 1852 942 1885 tradita
968 1851 1141 1885 sermonis
1167 1851 1287 1885 Latini
1312 1852 1504 1897 elegantia,
1529 1864 1606 1897 nos,

347 1907 475 1952 quibus
502 1919 582 1943 cum
616 1908 739 1944 labore
766 1920 807 1943 ac
839 1908 967 1943 sudore
994 1907 1210 1942 extrinsecus
1243 1907 1490 1943 adsciscendae
1521 1911 1606 1944 sunt

346 1966 601 2011 magistrorum
623 1979 729 2012 opera
754 1967 853 2012 leges
875 1966 1047 2001 sermonis
1073 1966 1195 2011 latini,
1220 1978 1242 2001 a
1266 1966 1399 2002 talibus
1420 1967 1605 2013 scripturis

344 2023 490 2057 omnino
516 2024 696 2058 abstinere
723 2024 878 2058 addecet.
918 2023 1099 2068 Exemplis
1120 2034 1194 2057 rem
1219 2023 1416 2058 declarabo.
1456 2024 1601 2059 Etenim

345 2093 424 2115 cum
447 2083 483 2116 et
507 2082 821 2128 grammaticorum
848 2081 1010 2117 doctrina
1035 2082 1072 2115 et
1092 2081 1380 2116 membranarum
1400 2081 1601 2128 inscriptio-

344 2149 500 2179 numque
531 2140 745 2171 auctoritate
774 2139 1065 2171 commendentur
1095 2141 1136 2171 ut
1165 2139 1358 2180 plurimum
1389 2140 1602 2173 nominativi

343 2190 395 2223 dii
419 2190 460 2237 ii,
492 2190 603 2224 dativi
628 2191 684 2225 vel
711 2190 858 2224 ablativi
888 2191 955 2223 diis
979 2191 1038 2233 iis,
1069 2190 1262 2222 reiciantur
1286 2191 1324 2222 di
1346 2192 1375 2235 i,
1400 2192 1455 2223 dei
1477 2193 1522 2235 ei,
1547 2193 1602 2224 dis

346 2266 388 2302 ἱε,
418 2266 490 2295 deis
519 2267 579 2303 eis,
610 2277 696 2296 num
726 2265 870 2296 tandem
906 2265 963 2296 his
995 2264 1231 2305 obsequemur
1264 2259 1503 2298 testimoniis?
1551 2259 1603 2299 At

344 2312 415 2338 alia
445 2312 550 2349 longe
582 2314 874 2341 commendantur
903 2314 1100 2340 auctoritate
1122 2316 1317 2349 poetarum,
1352 2324 1501 2350 quorum
1535 2325 1600 2342 usu

344 2354 506 2400 firmatur
535 2360 778 2401 Romanorum
808 2360 1043 2401 cultissimum
1080 2372 1254 2413 quemque
1289 2371 1389 2399 usum
1420 2372 1497 2399 esse
1527 2361 1600 2399 fere

345 2429 468 2465 formis
494 2445 583 2476 quae
610 2434 692 2467 sunt
716 2432 753 2467 di
777 2432 830 2467 dis
854 2432 868 2467 i
894 2432 924 2467 is
949 2432 985 2466 et
1009 2428 1200 2476 aliquando
1232 2427 1292 2466 sed
1324 2427 1503 2467 rarissime
1528 2428 1600 2468 illis
